1685 3042
284 212 374 262 312
441 195 538 242 JO.
576 194 1083 242 FREINSHEMII
1112 195 1500 245 SUPPLEM.'

283 308 412 350 partes
440 302 523 350 ejus
549 301 587 341 se
614 302 874 350 transtulerat,
899 304 1017 343 tribus
1043 302 1258 353 agminibus
1284 303 1422 343 milites
1445 296 1562 345 nonu

282 359 450 419 Romam
477 363 699 412 praemittit:
739 364 819 414 ipse
843 377 932 403 cum
962 365 1099 404 robore
1124 365 1346 416 copiarum,
1371 366 1563 417 gladiato-

283 422 462 475 tibusque
497 427 532 465 δε
561 426 730 475 equitatu
757 426 1007 477 subsequitur.

339 494 495 536 XXIX.
536 496 689 538 Excivit
718 497 749 535 is
782 505 900 535 terror
934 496 1151 546 Lepidum,
1194 505 1236 537 ut
1271 510 1357 537 cum
1395 499 1566 538 exercitu

288 555 444 595 obviam
478 558 560 597 iret.
601 558 676 599 Sed
709 557 773 595 ubi
806 557 911 595 fusus
938 556 991 597 est
1019 557 1237 606 equitatus,
1270 559 1334 608 qui
1362 571 1567 609 praecurre-

285 626 370 665 rat,
399 619 564 670 Lepidus
591 631 680 658 cum
704 617 919 667 legionibus
948 618 1044 656 intra
1068 620 1211 658 moenia
1237 618 1275 658 se
1303 621 1458 670 recepit.
1492 622 1567 660 An·

289 681 398 720 tonio
418 683 598 730 Nonius,
623 682 672 719 ad
695 680 905 718 custodiam
928 689 1044 729 portae
1066 678 1216 719 re‘lic‘tus
1232 711 1244 726 ‚
1263 682 1409 720 aditum
1433 683 1566 732 dedit3

287 740 427 791 seque,
451 744 486 782 ἅ
517 741 626 789 suos,
648 754 744 791 quos
767 741 895 780 secum
920 739 1110 788 habebat,
1136 741 1274 780 milites
1292 772 1304 788 ‚
1334 742 1368 780 ei
1396 744 1569 787 tradidit.

293 803 462 854 Lepidus
484 804 573 854 fuga
597 804 711 842 evasit
731 802 778 841 ad
802 801 998 842 Caesarem.
1023 815 1149 852 neque
1173 810 1350 852 praeterea
1372 803 1571 853 quisquam

290 865 504 915 resistebat,
530 865 645 904 etiam
676 865 711 904 P.
730 864 915 910 Servilio,
939 866 1004 913 qui
1030 863 1193 903 consulis
1220 864 1375 915 gerebat
1401 878 1569 914 nomen,

291 925 470 976 segniore
493 916 540 966 od
561 926 743 977 pericula.
769 925 921 965 Idcirco
941 926 1098 975 Lucius,
1115 928 1161 966 ad
1179 927 1410 966 concionem
1430 936 1570 966 vocato

290 986 467 1038 populo,
487 987 541 1026 fic
568 988 756 1036 disseruit,
780 998 824 1028 ut
847 991 1010 1042 Caesarem
1030 1002 1132 1041 atque
1153 990 1319 1040 Lepidum
1343 1005 1424 1028 mox
1450 1003 1574 1042 poenas

295 1048 440 1089 diceret
468 1051 615 1089 daturos·
637 1051 798 1102 scelerum
813 1067 829 1099 ,⁹
853 1050 1002 1102 fratrem
1032 1066 1110 1089 vero
1126 1052 1254 1103 suum,
1276 1053 1494 1093 triumviratu
1513 1055 1575 1091 ab-

284 1110 428 1164 jurato,
443 1112 489 1165 se
505 1126 570 1165 pro
596 1112 732 1165 confide
762 1124 926 1166 gerentem
943 1143 954 1160 ‚
985 1115 1205 1164 tyrannicam
1228 1116 1425 1166 potestatem
1450 1114 1575 1161 civili,

293 1173 331 1212 ὅ·
356 1174 670 1212 extraordinariam
701 1175 928 1214 translatitia
951 1187 1245 1214 commutaturum.
1283 1176 1338 1215 Ad
1365 1176 1445 1215 haec
1479 1175 1575 1215 laetis

294 1234 536 1285 adstrepebat
551 1236 743 1275 ominibus
767 1236 920 1286 plebes;
947 1238 1250 1291 Imperatoremque
1270 1237 1505 1287 appellatum
1528 1239 1578 1276 ad

296 1295 432 1347 reliqua
461 1298 695 1350 componenda
724 1298 771 1334 ire
797 1296 993 1346 jusserunt.
1036 1298 1121 1337 Erat
1151 1307 1232 1336 tum
1267 1298 1450 1338 Antonius
1477 1298 1577 1337 mili-

295 1357 367 1394 tari
395 1356 553 1406 habitu,
574 1358 772 1408 quomodo
798 1365 885 1397 ante
902 1357 1009 1400 illum
1031 1358 1167 1410 populi
1189 1359 1417 1398 concionem
1435 1358 1581 1399 habue-

300 1426 359 1456 rat
384 1430 517 1458 nemo.

355 1478 492 1518 XXX.
525 1479 599 1518 Sed
628 1481 663 1519 Sc
678 1480 974 1533 finatttftonsulto
996 1483 1154 1520 mandari
1171 1483 1241 1532 fibi
1263 1483 1386 1520 bellum
1408 1481 1577 1531 J'ufferat3

302 1538 537 1591 egressusque
572 1541 694 1580 Roma
712 1572 722 1589 ,
747 1555 976 1592 quacunque
1011 1544 1234 1590 incederet,
1263 1556 1380 1582 novas
1415 1543 1581 1592 collige-

300 1600 369 1640 bat
389 1601 485 1640 vires
512 1614 557 1640 ex
584 1602 736 1652 populis
753 1633 764 1650 ‚
795 1604 858 1653 qui
884 1604 1063 1643 favebant
1084 1605 1251 1644 Antonio
1267 1636 1278 1650 ,
1306 1607 1339 1644 ἃ
1362 1613 1581 1654 opportuna

306 1663 450 1712 oppida
487 1663 620 1714 passim
653 1666 954 1708 communiebat.
995 1667 1070 1706 Sed
1094 1665 1174 1706 haec
1200 1667 1324 1718 agenti
1355 1680 1431 1705 non
1459 1667 1584 1706 modi-

305 1738 373 1766 cus
404 1727 503 1766 obex
537 1728 708 1776 obJectus
736 1728 787 1768 est
824 1742 845 1768 a
875 1729 932 1769 M.
971 1729 1148 1769 Barbatio
1167 1760 1179 1777 ,
1210 1743 1321 1780 quem
1363 1730 1588 1780 quaestorem.

305 1788 415 1830 suum
440 1789 496 1830 Μ.
527 1792 735 1836 Antonius,
762 1802 940 1841 propter,
971 1792 1098 1830 nescio
1124 1804 1236 1841 quam
1253 1822 1263 1838 ‚
1295 1790 1502 1837 offensum,
1528 1791 1584 1829 di.

307 1851 469 1892 miserat.
503 1851 547 1891 ld
574 1863 660 1891 cum
683 1852 819 1902 vulgus
850 1853 1068 1903 ignoraret,
1099 1852 1271 1902 plerique
1293 1852 1398 1890 hunc
1426 1864 1585 1902 percon-

308 1913 487 1953 tabantur
506 1944 519 1960 ‚
564 1929 667 1966 ecquo
694 1917 811 1953 animo
845 1917 1026 1954 Antonius
1059 1916 1177 1953 turbas
1208 1915 1355 1953 Italicas
1385 1915 1584 1965 acciperet?

310 1975 382 2018 Ille
404 1977 681 2026 respondebat,
709 1979 849 2028 mirifice
874 1979 964 2016 hunc
985 1978 1108 2028 irasci,
1130 1991 1247 2019 contra
1267 1978 1427 2029 potentiae
1449 1976 1583 2027 finium

308 2041 345 2081 δ’
370 2054 561 2078 communes
595 2040 768 2092 utriusque
795 2040 949 2078 rationes
980 2054 1074 2078 arma
1106 2040 1331 2078 moventibus.
1374 2039 1467 2077 Inde
1495 2050 1586 2087 per-

309 2101 446 2150 multi,
472 2101 618 2140 deserto
634 2100 776 2147 Lucio,
802 2103 911 2150 cujus
938 2103 1020 2141 ac‘ta
1046 2100 1241 2151 displicere
1265 2100 1367 2138 fratri
1395 2100 1586 2139 existima-

310 2163 429 2210 bant,
455 2163 504 2202 ad
533 2162 714 2203 Caesarem
746 2161 783 2200 se
809 2162 1062 2200 contulerunt.
1096 2162 1231 2202 Lucius
1259 2162 1297 2199 in
1324 2161 1483 2199 Galliam
1507 2169 1587 2201 erat

314 2226 461 2271 iturus,
489 2232 532 2262 ut
561 2233 827 2273 properantem
857 2223 904 2263 ad
928 2222 1079 2264 Caesaris
1108 2223 1221 2263 castra
1252 2223 1303 2272 Q.
1326 2221 1587 2262 Salvidienum

314 2284 462 2330 Rufum
494 2284 749 2335 interciperet.
791 2284 967 2325 Eundem
997 2282 1143 2324 Asinius
1175 2280 1294 2322 Pollio
1331 2284 1363 2320 8.·
1392 2282 1426 2321 Ρ.
1453 2281 1586 2320 Venti-

359 2426 381 2468 §
406 2424 565 2457 XXVIII.
588 2424 665 2458 Liv.
689 2424 779 2469 Epir.
805 2424 949 2468 Appiam
969 2423 1049 2456 Dio.
1067 2421 1152 2455 Plin.
1177 2431 1217 2466 3,
1238 2431 1288 2454 η.
1313 2420 1336 2465 §
1363 2421 1485 2454 xxlx.
1509 2421 1588 2455 hv.

310 2478 403 2522 Epir.
424 2477 504 2513 Dio.
526 2478 672 2522 Appian.
