1685 3042
327 176 418 240 366
485 175 578 222 JO.
620 174 1529 226 FRE1NSHEMHSUPPLEM:

322 283 443 322 citum
471 281 523 320 ita
555 280 767 329 distribuit,
792 289 836 321 ut
864 291 1011 333 partem
1039 283 1078 321 in
1103 283 1216 334 Epiro
1239 283 1464 333 collocaret,
1491 280 1603 337 quos-

321 346 412 385 dam
442 345 481 383 in
512 343 733 393 Parthinos,
757 345 946 397 Illyricam
971 355 1125 397 gentem
1141 377 1153 395 ,
1180 347 1276 386 alios
1301 348 1341 386 in
1370 348 1602 387 Dardaniam

320 410 516 455 mitteret,
546 406 809 458 locupletandi
834 408 944 446 simul
973 407 1107 448 militis
1124 439 1134 456 ‚
1160 409 1442 459 exercendique
1477 409 1600 448 causa.

321 471 441 517 Haec,
465 469 536 510 alia
552 479 712 521 repente
737 469 893 520 persona
921 469 1067 517 sumta,
1091 471 1267 521 palliatus
1301 474 1336 511 ὃς
1358 471 1603 521 phaecafiatus

322 534 488 585 agebat,
520 541 671 572 remoto
698 532 945 583 imperatorio
978 533 1099 579 fastu,
1129 546 1218 574 cum
1248 536 1346 575 binis
1378 536 1477 574 forte
1508 535 1605 573 arni-

325 598 378 637 cis
423 596 663 644 totidemque
704 594 859 633 famulis
881 624 892 642 ‚
941 594 1137 634 rhetorum
1179 605 1244 636 aut
1283 597 1602 649 philosophorum

322 658 470 700 scholas
495 656 651 696 obiens:
677 655 961 706 coenitabatque
988 669 1077 696 cum
1107 657 1287 696 Graeculis
1312 671 1443 698 eorum
1475 672 1606 707 more,

324 724 361 762 ὃς
383 718 613 759 caerimoniis
639 717 816 768 festisque
836 717 997 756 suaviter
1027 720 1230 766 intererat3
1264 719 1423 758 Oc‘tavia
1451 730 1605 769 quoque

321 785 540 834 frequenter
571 780 770 828 adhibita,
797 782 905 829 cujus
932 794 1061 820 amore
1093 781 1211 820 homo
1242 781 1463 820 mulierosus
1491 780 1607 820 vehe-

324 853 473 886 menter
502 843 699 882 exarserat.
737 842 896 895 Interim
925 844 958 882 &
986 843 1159 882 nuntium
1197 843 1347 894 accepit
1379 844 1427 882 de
1447 841 1607 882 vietoria

322 909 364 949 P.
383 906 577 954 ventidii,
601 918 714 956 quem
740 914 874 944 contra
905 904 1061 944 Parthos
1087 905 1292 956 provinciis
1319 905 1487 945 Orientis
1514 917 1607 954 prae-

321 968 510 1022 posuerat.
529 968 629 1007 Nam
643 967 672 1006 is
690 967 835 1005 strenue
853 966 1062 1016 profectus,
1080 966 1291 1006 Labienum
1306 966 1473 1005 securius
1492 977 1607 1016 agen-

322 1041 402 1087 tern
423 1027 649 1078 occupavit:
683 1027 922 1078 diffisumque
946 1028 1086 1067 viribus
1123 1030 1318 1082 (quippe,
1341 1027 1496 1068 dimiffis
1522 1028 1606 1067 Par-

325 1093 426 1139 this,
455 1090 728 1130 tantummodo
760 1087 936 1128 collectas
970 1102 1017 1128 ex
1038 1090 1121 1128 Asia
1146 1091 1278 1140 copias
1310 1088 1526 1142 retinebat)
1548 1089 1608 1127 in-

326 1157 374 1194 de
398 1154 572 1203 refugere
599 1152 637 1190 in
665 1151 809 1202 Syriam
842 1152 979 1201 coegit.
1015 1151 1272 1201 assecutusque
1301 1164 1390 1190 cum
1419 1149 1608 1201 expeditis

327 1220 427 1259 circa
464 1217 633 1257 Taurum
665 1223 840 1254 montem
858 1245 869 1262 ‚
895 1214 1046 1266 longius
1079 1216 1286 1266 procedere
1316 1215 1450 1254 vetuit.

397 1286 556 1328 XLVII.
588 1286 644 1326 Eo
668 1285 745 1324 loci
769 1284 988 1337 complures
1013 1297 1080 1335 per
1105 1286 1184 1324 dies
1209 1284 1332 1324 castris
1353 1285 1502 1335 positis,
1529 1295 1609 1322 am-

328 1352 378 1391 bo
402 1353 650 1400 quieverunt3
674 1347 865 1387 Labienus
882 1377 892 1395 ‚
912 1355 954 1385 ut
969 1346 1126 1386 Parthos
1152 1347 1293 1385 acciret
1319 1348 1485 1392 interea,
1508 1346 1610 1384 Ven-

329 1415 467 1461 tidius,
488 1421 529 1451 ut
549 1420 701 1462 gravem
724 1419 968 1449 armaturam.
984 1411 1098 1450 Forte
1115 1410 1180 1450 sub
1205 1411 1309 1449 idem
1335 1420 1487 1459 tempus
1514 1408 1608 1448 utri·

328 1489 401 1526 que
424 1473 636 1523 exspectata
656 1470 799 1509 auxilia
820 1479 1019 1518 venerunt2
1048 1471 1124 1510 Sed
1140 1467 1342 1510 Ventidius
1356 1500 1367 1518 ‚
1388 1469 1608 1510 Parthicum

329 1537 546 1586 equitatum
577 1533 741 1577 timens,
770 1533 818 1572 de
848 1531 1103 1582 superioribus
1133 1530 1226 1571 locis
1259 1546 1338 1571 non
1364 1531 1611 1582 degredieba-

330 1611 414 1646 rur3
439 1594 589 1642 Parthi,
607 1607 766 1634 numero
790 1594 903 1641 freti,
923 1595 958 1633 ἃ
978 1592 1144 1632 successu
1171 1593 1412 1633 victoriarum
1441 1592 1582 1632 alacres
1597 1624 1609 1642 ,

329 1662 416 1699 luce
440 1648 586 1709 prima,
613 1655 828 1707 priusquam
858 1668 943 1695 curn
975 1653 1520 1705 Labieno'conjungerentur,
1546 1667 1608 1694 ac·

330 1723 467 1762 cedere
500 1720 547 1759 ad
582 1718 799 1767 tumulum,
831 1720 892 1767 ἃ,
920 1719 1073 1757 nemine
1103 1728 1234 1757 contra
1269 1727 1458 1766 exeunte,
1483 1716 1608 1757 subire

331 1794 555 1836 coeperunt:
584 1784 725 1833 quippe
746 1783 949 1821 Ventidius
966 1795 1033 1834 per
1052 1781 1329 1821 simulationem
1348 1790 1472 1821 metus
1497 1780 1609 1820 suum

331 1847 494 1886 militem
522 1843 754 1883 continebat.
792 1844 867 1883 Sed
896 1843 964 1883 ubi
1000 1856 1092 1882 mox
1121 1844 1261 1894 iniquis
1294 1843 1388 1882 locis
1423 1841 1609 1881 haeserunt

331 1907 477 1956 hostes,
498 1907 697 1958 eruptione
719 1905 1037 1944 Ventidianorum
1069 1903 1191 1943 subita
1215 1903 1353 1943 turbati
1370 1932 1379 1949 ,
1402 1902 1516 1953 seque
1538 1903 1609 1941 ima

331 1969 531 2021 pedientes
548 1997 559 2015 ,
584 1965 698 2014 dum,
727 1965 1002 2016 refugientibus
1027 1965 1182 2015 primis,
1212 1964 1443 2015 postremum
1470 1975 1607 2014 agmen

331 2038 441 2082 urget
474 2027 691 2076 ascensum,
728 2039 865 2078 magna
902 2036 1006 2076 parte
1038 2028 1234 2076 copiarum
1269 2025 1418 2071 amissa,
1453 2024 1607 2064 consci-

331 2100 467 2132 verunt
502 2091 645 2142 fugam.
693 2091 776 2130 Nec
812 2090 861 2129 ad
903 2089 1061 2130 Labieni
1104 2089 1220 2128 castra
1269 2088 1463 2127 consistere
1502 2089 1577 2127 auli
1594 2117 1605 2136 2

332 2152 508 2193 Ciliciam
530 2153 732 2204 petierunt.
766 2152 964 2191 Ventidius
991 2152 1039 2194 ad
1064 2150 1205 2191 vallum
1231 2150 1388 2191 Labieni
1411 2149 1495 2189 suos
1516 2163 1609 2189 con-

330 2215 461 2257 stituit.

390 2283 567 2324 XLVIII.
609 2283 654 2324 Et
682 2282 870 2323 Labienus
909 2281 1088 2332 ordines,
1120 2288 1302 2332 tanquam
1337 2280 1609 2328 dimicaturus,

382 2412 404 2453 ,ξ
430 2410 556 2444 XLVI.
579 2411 720 2446 Sueten.
745 2421 799 2453 ap.
824 2409 930 2453 Agell.
961 2419 1015 2450 25,
1039 2420 1070 2449 4.
1095 2407 1117 2453 5
1142 2406 1277 2443 XLVII.
1299 2406 1415 2442 Front.
1440 2406 1541 2440 δίκαι.
1567 2414 1607 2438 2.

343 2475 374 2508 5.
393 2465 476 2501 Dio.
497 2463 587 2500 Plut-
