1685 3042
273 192 370 237 '162
419 189 513 236 JO.
546 188 1083 237 FREINSHEMII
1117 190 1497 243 SUPPLEM.

275 294 418 346 posuit.
457 293 605 333 Crebrae
630 295 721 334 inde
744 295 987 336 velitationes
1001 329 1014 345 ‚
1036 296 1101 336 sed
1121 296 1219 336 nihil
1239 298 1289 337 ad
1310 310 1433 338 rerum
1455 299 1558 337 sum-

274 369 409 395 mam:
445 357 544 395 inter
574 370 665 407 quas
691 359 726 397 ὃς
756 358 858 397 Galli
891 360 1061 409 equites,
1093 373 1188 410 quos
1219 373 1308 400 cum
1339 360 1553 411 elephantis

272 419 324 458 ad
357 417 538 457 Caesarem
570 417 746 457 defecisse
781 418 976 467 diximus,
1014 421 1063 459 ad
1090 422 1308 460 'Antonium
1335 422 1550 469 redierunt,

273 478 386 518 clade
408 478 524 518 etiam
548 478 674 528 aliqua
698 478 916 519 Caesarianis
942 479 1071 528 illata3
1098 482 1135 520 ἃ
1158 482 1260 520 inter
1285 480 1551 531 pabulatores,

270 539 411 579 oborto
444 539 677 587 certamine,
714 539 800 578 suos
837 538 1081 590 unoquoque
1113 550 1278 580 conante
1313 541 1549 589 defendere,

269 601 406 640 acriter
428 609 638 651 pugnatum
654 631 667 647 ‚
695 600 939 650 superiorque
968 601 1133 641 disceffit
1155 604 1357 642 Antonius.
1391 604 1552 643 Interim

268 662 312 703 Ρ,
337 662 535 701 Ventidius
561 674 609 700 ex
637 661 799 700 coloniis
832 661 988 701 Caesaris
1015 663 1127 702 instar
1164 664 1325 703 duarum
1352 664 1553 715 legionum

269 723 451 774 collegit,
473 732 589 762 notus
618 721 805 773 plerisque
832 725 866 762 &
888 722 1035 762 militiae
1056 723 1192 762 socius.
1221 723 1355 775 Magni
1376 728 1467 767 inde
1491 740 1553 766 ru-

265 799 396 828 mores
430 786 655 826 exstiterunt
682 785 723 824 in
757 786 879 834 urbe,
915 798 1005 825 cum
1029 798 1075 824 eo
1106 798 1308 835 properare
1345 784 1552 827 audiretur.

262 848 519 899 fugerant-que
541 847 679 893 multi,
708 854 824 896 atque
847 848 945 884 inter
970 859 1036 886 eos
1058 847 1205 888 Cicero.
1237 847 1314 887 Sed
1340 848 1552 896 conjunge·

263 923 306 949 re
334 909 371 947 se
401 908 618 959 cupientem
646 907 816 947 Antonio
844 908 1073 947 Ventidium
1100 907 1221 948 Caesar
1245 909 1283 947 &
1314 908 1458 948 Hirtius
1485 920 1551 946 ex-

263 969 466 1008 cluserunt.
505 969 605 1018 Ergo
628 968 821 1018 profectus
846 969 888 1007 in
912 968 1094 1008 Picenum
1111 999 1122 1017 ‚
1143 969 1196 1008 ibi
1219 982 1371 1020 quoque
1393 969 1548 1008 delecti-

261 1032 336 1072 bus
364 1031 531 1080 habitis,
564 1029 714 1081 aliaque
740 1029 956 1082 conscripta
982 1030 1162 1083 legione,
1189 1031 1439 1083 temporibus
1455 1032 1552 1077 insi-2

260 1092 454 1133 diabatur.

338 1154 514 1196 XXXII.
544 1154 647 1194 Dum
677 1154 760 1194 haec
785 1156 827 1194 in
853 1154 947 1194 urbe
975 1157 1012 1195 Sc
1035 1154 1144 1196 Italia
1176 1155 1296 1205 fiunt,
1330 1156 1387 1198 M.
1412 1157 1549 1196 Brutus

261 1219 305 1258 in
329 1217 562 1259 Macedonia
591 1219 626 1257 ὅ(
655 1217 770 1268 Epiro
797 1230 855 1257 res
877 1217 960 1257 suas
991 1219 1187 1269 insigniter
1214 1220 1331 1260 auxit.
1358 1220 1399 1260 C.
1428 1222 1549 1260 Anto-

260 1283 374 1329 nius,
390 1279 600 1331 progressus
618 1278 883 1330 Apolloniam,
899 1292 944 1319 eo
966 1279 1216 1328 contrahere,
1239 1280 1427 1330 quidquid
1451 1279 1548 1320 mili-

259 1350 345 1381 tum
369 1341 505 1381 vicinis
538 1340 635 1380 locis
669 1348 771 1386 erat,
796 1339 1036 1380 moliebatur.
1071 1342 1146 1382 Sed
1175 1341 1240 1380 ubi
1275 1344 1311 1382 Sc
1344 1341 1401 1381 illi
1427 1341 1465 1381 se
1493 1343 1547 1386 ad

258 1405 421 1452 Brutum
456 1406 585 1455 potius
611 1392 876 1452 contulerunt,
902 1406 940 1444 ἀ
966 1404 1229 1455 Apolloniatas
1257 1407 1396 1445 eodem
1429 1406 1546 1446 incli-

251 1481 352 1508 'nare
381 1468 568 1507 Antonius
597 1467 733 1515 sensit,
768 1479 950 1518 magnam
978 1467 1114 1507 urbem
1143 1470 1178 1508 ἃ
1207 1481 1386 1519 gravem,
1412 1469 1547 1510 relifta

257 1529 486 1581 Apollonia,
506 1529 736 1569 Buthrotum
760 1529 954 1579 profectus
970 1529 1034 1568 est.
1054 1529 1152 1570 Mox
1165 1560 1175 1578 ,
1189 1530 1328 1570 amiffis
1352 1533 1392 1570 in
1409 1532 1543 1571 itinere

258 1592 481 1632 cohortibus
509 1592 628 1631 tribus
646 1622 656 1639 ,
686 1604 768 1642 quae
796 1589 898 1630 caesae
925 1603 946 1628 a
979 1590 1095 1629 Bruto
1121 1590 1297 1641 fuerant,
1323 1604 1413 1631 cum
1448 1606 1546 1643 prae-

258 1660 316 1692 ter
341 1652 561 1693 Amantiam
590 1653 625 1691 Sc
648 1650 842 1691 Bullidem
868 1658 1016 1689 teneret
1048 1649 1170 1700 nihil,
1199 1650 1279 1691 huc
1297 1652 1426 1692 statuit
1445 1665 1544 1699 con-f

262 1715 436 1754 tendere.

313 1777 502 1818 XXXIII.
532 1776 605 1815 Sed
627 1775 736 1823 loca,
765 1787 832 1826 per
849 1787 933 1825 quae
961 1774 1131 1813 eundum
1155 1783 1259 1824 erat,
1285 1775 1420 1815 Cicero
1440 1777 1544 1816 adoa

255 1841 407 1882 lescens
423 1841 502 1888 jam
527 1845 783 1889 praeceperat:
807 1849 875 1887 per
901 1848 983 1886 quae
1001 1836 1037 1874 vi
1063 1844 1224 1875 conatus
1249 1839 1396 1887 aperire
1417 1840 1541 1889 viam,

188 1901 194 1907 ’
255 1902 478 1952 νὶἃυῑςυε;
515 1901 608 1940 dum
643 1902 742 1939 inter
772 1898 934 1950 paludes
966 1911 1108 1949 magno
1135 1901 1289 1950 agmine
1319 1900 1356 1939 se
1383 1902 1543 1952 recipit,

256 1979 281 2005 a
307 1965 422 2006 Bruto
448 1962 760 2001 circumvenitur.
798 1961 924 2000 facile
951 1971 1030 1999 erat
1063 1960 1190 2000 delere
1225 1961 1439 2010 universos,
1473 1962 1541 2002 sed.

255 2028 409 2072 Brutus,
424 2026 632 2077 parcendum
647 2022 779 2062 dicens
793 2023 873 2074 fitis
890 2037 972 2059 mox
979 2021 1137 2074 fizturr's,
1152 2025 1365 2077 consalutari
1388 2039 1447 2062 eos
1462 2025 1540 2077 jusss

245 2091 318 2141 fit,
344 2089 379 2127 ἃ
409 2099 497 2125 cum
525 2085 621 2123 nihil
647 2084 949 2135 responderent,
977 2096 1088 2122 tamen
1123 2085 1263 2123 dimitti.
1299 2086 1373 2124 Sed
1409 2085 1535 2126 rursus

254 2152 299 2190 in
328 2147 526 2200 praeruptis
555 2146 650 2186 locis
677 2149 808 2186 nactus
826 2177 838 2195 ,
868 2145 1231 2198 circumdatosque,
1264 2147 1317 2186 uti
1345 2147 1448 2197 prius
1482 2147 1535 2187 sa-

254 2212 386 2252 lutans
400 2241 410 2259 ,
427 2211 639 2249 commovit
661 2210 835 2249 omnium
865 2210 1012 2249 animos
1028 2239 1039 2258 ,
1061 2220 1104 2249 ut
1123 2212 1266 2262 dignum
1285 2211 1536 2262 existimatione

249 2277 320 2329 sua
351 2273 625 2324 praedicantes,
661 2287 729 2325 qua
758 2273 854 2311 mitis
882 2274 917 2312 δ’
937 2263 1083 2326 fizpi‘ens
1108 2272 1311 2324 ferebatur,
1346 2273 1384 2311 in
1417 2272 1535 2312 fidem

255 2338 338 2385 ejus
369 2337 639 2376 concederent.
670 2336 882 2375 Antonium
905 2336 1020 2374 etiam
1047 2335 1222 2375 deditum
1249 2336 1301 2374 itn
1325 2334 1533 2374 clementer

301 2461 323 2505 §
348 2459 472 2493 XXXI.
499 2459 583 2492 Plin.
606 2460 685 2493 Dio.
713 2461 861 2504 Appian.
887 2461 959 2497 Cic.
988 2461 1011 2506 S
1042 2461 1182 2499 XXXlI.
1210 2461 1298 2497 Plut.
1321 2462 1364 2495 in'
1384 2462 1476 2497 Brut.
1503 2474 1535 2502 c,

253 2517 306 2551 37.
330 2506 408 2540 Di0.
430 2505 500 2550 Cic.
526 2505 609 2541 Phil.
636 2517 668 2540 ιι
688 2532 697 2548 ,
727 2517 779 2543 ιι,
