1685 3042
151 201 281 264 '1N
323 214 489 263 Loc.
538 212 676 260 LIB.
720 212 916 258 cxxiv
953 211 1097 256 LIV.
1232 209 1327 272 283

42 324 259 366 Mefl‘assam
281 327 331 364 ad
357 337 484 363 coenam
502 320 679 375 sbquentis
698 319 794 368 diei,
818 330 934 368 quem
965 317 1220 358 celebraturus
1247 323 1330 357 erat

43 388 225 427 natalem.

99 449 164 489 VI.
191 449 297 489 Dum
329 447 390 486 his
417 446 458 487 in
479 444 604 484 castris
629 442 713 483 haeo
741 448 920 493 geruntur
939 471 952 488 ‚
980 440 1168 480 Antonius
1197 440 1332 481 omnia

44 509 203 553 volvens
235 510 393 555 animo,
424 515 469 546 ut
499 506 548 546 ad
580 504 762 556 proelium
793 503 949 543 eliceret
973 502 1126 548 hostes,
1158 502 1335 545 insanum,

46 587 144 625 opus
170 573 297 612 moliri
319 572 460 621 coepit,
487 571 636 611 munita
663 580 730 619 per
753 566 913 618 paludes
940 565 1000 605 via
1016 597 1028 611 ,
1046 564 1335 604 subvectionem

45 650 69 685 a
97 636 226 676 Thaso
252 643 541 675 commeatuum
569 631 819 683 impediendi.
862 631 982 681 Igitur
1012 628 1175 673 skufta,
1199 628 1252 666 uti
1272 627 1338 665 sae-

45 711 97 749 pe
122 697 389 745 consueverat,
413 697 515 743 acie,
538 694 639 734 clam
661 694 751 733 inde
768 692 961 732 subductis
987 689 1234 737 cohortibus,
1255 689 1336 727 dies

47 762 257 811 noctesque
279 760 429 800 summo
452 759 603 798 {ilentio
625 757 785 808 urgebat
810 757 1020 804 inceptum.
1057 751 1244 792 arundine
1271 751 1335 789 de-

49 824 168 860 tracta
190 819 400 869 jaciebatur
426 833 562 871 agger,
595 821 656 866 &,
687 831 736 856 ne
766 816 996 856 dilaberetur
1025 815 1074 853 in
1092 814 1240 854 lubrica
1266 826 1336 851 vo*

46 886 180 935 ragine
212 885 380 931 humus,
409 885 586 932 utrinque
616 881 886 921 includebatur
917 878 1112 923 macerie:
1148 876 1215 915 ubi
1244 889 1337 926 pro-

45 945 208 985 fundior
228 953 308 984 erat
333 945 467 995 palus,
494 944 639 984 vallum
664 945 910 994 injiciebatur
927 975 938 991 ,
970 945 1172 992 &pontes
1200 940 1339 984 sterne-⁴

48 1007 199 1047 bantur.
226 1020 351 1057 neque
372 1006 541 1057 conspici
562 1007 609 1046 ab
634 1007 740 1046 hoste
765 1008 980 1046 munientes
1005 1013 1204 1056 poterant,
1223 1002 1335 1053 quip-

45 1080 97 1118 pe
129 1068 270 1108 reliCtis
293 1069 342 1109 ab
368 1069 475 1107 omni
500 1078 605 1118 parte
632 1069 732 1107 circa
762 1071 863 1108 viam
894 1068 1131 1108 arundinetis
1162 1073 1336 1115 protege-

50 1130 202 1170 bantur.
240 1131 375 1170 decem
406 1131 541 1170 diebus
570 1130 646 1169 hoc
671 1131 885 1180 perfeetum
915 1142 1010 1179 opus
1035 1128 1112 1167 est:
1150 1126 1241 1164 inde
1267 1136 1335 1175 per

51 1194 206 1232 noctem
242 1193 436 1242 expeditas
458 1193 639 1231 cohortes
667 1192 942 1237 transcurrere,
971 1193 1031 1236 Sc,
1058 1187 1258 1238 occupatis
1279 1185 1336 1225 ul-

54 1254 259 1293 terioribus
289 1253 411 1302 locis,
432 1254 591 1293 excitari
614 1252 744 1291 crebra
773 1251 922 1290 castella
950 1249 1067 1299 juffit.

102 1314 187 1354 VII.
220 1316 381 1355 Secutus
413 1313 465 1353 est
494 1314 574 1355 dies
593 1344 604 1361 ,
636 1314 677 1352 in
702 1325 817 1363 quem
847 1323 1015 1362 pugnare
1047 1308 1188 1348 Cassius
1216 1312 1335 1356 atque

47 1376 187 1416 Brutus
224 1377 510 1415 constituerant.
555 1375 704 1415 Idcirco
732 1375 853 1425 prima
881 1373 970 1411 luce
1003 1372 1169 1422 puniceo
1204 1368 1334 1418 sagulo

47 1439 247 1490 proposito
281 1439 470 1478 admoniti
501 1438 588 1477 sunt
614 1437 781 1485 milites,
817 1439 853 1477 ὃς
882 1435 1011 1474 medio
1046 1436 1145 1473 inter
1175 1440 1339 1481 utraque

52 1502 168 1541 castra
205 1501 326 1552 spatio
360 1501 545 1551 congressi
581 1501 831 1551 imperatores
869 1498 1089 1548 supremum
1127 1492 1339 1533 salutarunt

50 1562 246 1608 invicem,
285 1562 617 1610 communiterque
652 1561 829 1607 decreto,
861 1559 1064 1597 vincendum
1093 1556 1181 1609 ff,
1219 1565 1282 1592 aut
1304 1553 1344 1603 fi

48 1626 208 1677 proelium
233 1625 290 1662 his
314 1623 528 1676 ρερενειᾙέι,
547 1624 673 1675 sponte
698 1623 893 1661 exuendam
916 1621 1029 1659 vitam
1044 1649 1054 1666 ,
1079 1619 1129 1657 ad
1160 1616 1224 1656 sua
1255 1627 1342 1654 mu-

56 1685 119 1724 nia
153 1686 286 1724 diversi
320 1694 579 1735 perrexerunt.
610 1685 659 1723 At
684 1682 850 1731 Cassius,
874 1681 954 1721 viso
984 1680 1141 1720 Antonii
1171 1686 1342 1724 conatu,

56 1746 258 1785 audaciam
284 1746 452 1786 hostium
477 1748 513 1786 (Sc
535 1745 723 1786 vafritiem
750 1745 927 1796 stupens,
953 1742 1176 1782 abscindere
1201 1739 1341 1779 cohor-

54 1817 111 1848 tes
140 1808 306 1849 hostium
341 1821 362 1847 a
391 1808 606 1857 majoribus
642 1807 767 1846 castris
798 1807 987 1852 instituit,
1019 1801 1238 1843 tranversim
1270 1812 1338 1851 pet

54 1868 216 1921 paludes
253 1882 431 1921 aggerem
464 1869 669 1917 ducendo,
705 1877 770 1916 ut,
795 1867 970 1907 intercisa
1003 1866 1064 1905 via
1096 1864 1337 1911 Antoniana,

52 1943 128 1970 nec
152 1930 191 1970 se
221 1932 392 1981 recipere
419 1930 619 1979 cohortes,
644 1942 718 1970 nec
745 1931 921 1980 accipere
949 1927 1089 1968 auxilia
1113 1941 1134 1966 a
1154 1926 1230 1965 suis
1257 1924 1341 1976 pos-

50 1992 148 2033 sent.
198 1993 270 2032 His
305 1991 603 2037 animadversis,
640 1990 708 2030 sub
740 1991 941 2033 meridiem
972 1988 1161 2029 Antonius
1202 1985 1337 2026 eduxit

53 2052 205 2102 aciem,
240 2055 276 2093 δε
303 2053 352 2092 ad
379 2052 742 2102 interrumpendum
769 2051 883 2092 Caffii
909 2063 1030 2102 opus,
1060 2057 1195 2103 praeter
1223 2047 1341 2088 castra

53 2113 190 2161 Bruti,
214 2112 338 2153 subire
361 2112 448 2153 suos
473 2112 632 2163 obliquo
656 2112 766 2152 cursu
793 2112 907 2162 juffit.

112 2174 215 2215 VIII.
232 2176 281 2214 At
298 2175 404 2214 Bruti
427 2174 566 2214 milites
580 2204 590 2222 ,
604 2175 645 2213 id
661 2189 741 2213 vero
763 2176 946 2227 indignum
969 2174 1055 2227 effi’,
1072 2171 1342 2219 conclamant,

45 2240 84 2289 Ji
99 2250 223 2292 praeter
245 2253 307 2277 ora
323 2240 396 2292 fita
426 2250 498 2277 tam
527 2238 718 2276 contemtim
748 2238 987 2291 tranfiurreret
1007 2237 1138 2287 hostis.-
1167 2247 1248 2273 non
1273 2246 1342 2271 ex-

54 2301 225 2351 speetato,
249 2300 433 2351 imperio,
458 2308 607 2340 tantum
630 2300 679 2339 ad
702 2300 814 2343 unius
842 2298 983 2338 tribuni
1009 2310 1146 2336 vocem
1166 2306 1344 2346 prorum-

56 2363 174 2413 pitur.
202 2362 402 2407 caeduntur
429 2361 734 2403 Antonianorum
758 2360 890 2400 multi:
916 2362 1078 2402 victores
1102 2359 1270 2409 impetus
1289 2356 1346 2399 ad-

60 2535 80 2566 ²7
108 2481 200 2562 {Vt
223 2482 314 2519 Plut.
337 2482 374 2517 in
400 2484 494 2521 Brut.
519 2482 603 2517 Dio.>
623 2481 645 2526 §
668 2481 729 2516 VI„
757 2481 900 2529 Appian.
922 2480 945 2525 §
969 2480 1046 2516 Vn.
1069 2479 1159 2514 Plut.
1181 2477 1269 2512 Flos.
1291 2488 1337 2518 4,

84 2550 93 2561 .
146 2538 264 2572 ppian.
