1685 3042
235 174 331 239 '358
398 174 1444 227 JO.FREINSHEM1ISUPPLEM;

241 292 289 318 eo
315 280 544 330 perductus,
575 288 616 320 ut
646 282 916 332 pontificatum
948 284 1065 324 etiam
1104 287 1140 326 &
1171 284 1408 336 triumphum
1438 284 1522 323 adi-

237 340 472 392 pisceretur,
498 344 578 392 vir,
610 345 675 394 qui
696 358 776 384 non
807 346 883 385 fine
911 361 1049 398 magna
1082 348 1362 395 controversia,
1391 347 1525 386 civita·

238 406 287 442 tis
315 405 373 452 jus
402 404 633 445 obtinuerat.
665 406 772 446 Idem
806 407 854 446 ad
886 416 1009 448 tantas
1044 422 1136 460 opes
1169 405 1524 458 provectus-tradi-

239 473 324 512 tur,
348 473 391 503 ut
414 467 582 506 moriens
614 468 760 517 populo
793 469 969 508 Romano
995 472 1131 520 quinos
1158 472 1315 509 vicenos
1344 469 1524 508 denarios

238 523 385 575 legaret
406 527 560 566 viritim.
601 528 647 568 Et
675 527 715 567 hi
727 536 867 567 'tamen
893 530 933 568 in
960 529 1108 579 aliquot
1130 531 1213 570 dies
1241 529 1428 580 gesserunt
1454 527 1527 567 ho·

239 600 404 627 norem:
436 597 606 629 ceterum
631 598 802 630 extrema
831 593 920 631 anni
945 592 1008 631 die
1035 602 1186 632 mortuo
1213 592 1313 632 aedili
1347 591 1525 639 suffectus*

243 647 296 686 est
328 649 485 698 quidam
511 663 650 699 paucas
677 652 717 690 in
743 651 866 691 horas.
898 652 1046 693 Eodem
1075 666 1176 692 anno
1206 653 1525 704 septemvirorum

242 712 398 760 munia,
419 712 523 762 quod
550 726 684 753 eorum
713 716 752 754 in
783 715 876 754 urbe
903 725 984 755 erat
1011 730 1150 765 nemo,
1184 715 1387 766 pontifices
1418 715 1527 754 obie-

241 781 354 821 runt,
381 774 474 814 ficut
505 774 597 814 alias
627 790 781 828 quoque
809 777 934 817 fuerat
960 778 1116 820 factum.
1153 779 1275 819 Iidem
1301 776 1530 828 pontifices,

242 845 293 872 ne
330 834 514 875 Kalendis
551 836 738 884 Januariis
777 840 975 880 nundinae-
998 840 1142 888 essent,
1181 839 1285 891 quod
1321 838 1530 887 antiquitus

245 896 463 937 ominosum
504 898 720 940 habebatur
741 931 753 949 ,
796 901 1068 942 intercalatum:
1107 915 1226 941 unam
1263 901 1366 940 diem
1402 898 1530 937 alieno

246 966 446 1010 tempore,
471 975 587 1012 quam
614 966 753 1005 iterum
768 967 1006 1014 eximerent,
1033 969 1124 1006 anni
1153 966 1344 1016 sequentis
1372 965 1534 1002 interca-

245 1019 393 1062 latione
426 1025 679 1076 dissimulata3
708 1031 757 1069 fic
788 1029 1042 1069 existimantes
1079 1029 1243 1069 reditura
1274 1036 1450 1076 tempora
1482 1023 1534 1063 ad

245 1084 502 1135 praescriptam
519 1101 540 1127 a
554 1088 697 1129 Caesate
719 1103 904 1130 normam.
931 1091 1009 1132 Sed
1031 1104 1133 1130 error
1155 1090 1222 1129 iste
1245 1088 1327 1139 post
1350 1087 1533 1137 aliquam·

248 1144 391 1186 multos
423 1148 579 1190 demum
614 1164 735 1193 annos
770 1154 1051 1194 animadversus
1080 1154 1143 1194 est.
1185 1153 1288 1193 Tum
1321 1162 1412 1190 vero
1438 1160 1528 1187 con-

249 1205 348 1246 sules
380 1207 491 1249 ludos
518 1225 586 1261 pro
612 1215 771 1255 victoria
796 1215 1030 1267 Philippensi
1055 1227 1168 1255 votos
1188 1213 1468 1257 exhibuerunt3
1495 1209 1533 1247 ὁὶ

252 1269 507 1323 paedagogum
530 1273 787 1329 libertumque
811 1277 920 1319 suum
945 1278 1065 1319 Caesar
1086 1279 1244 1318 nornine
1265 1277 1442 1329 Sphaerum
1465 1271 1537 1310 ho·

253 1332 413 1373 notifice
446 1334 632 1386 sepelivit.
1393 1341 1402 1345 ³

306 1402 480 1443 XXXII.
508 1405 632 1456 Atque
661 1414 702 1445 ut
728 1408 905 1449 adversus
926 1409 1083 1449 Parthos
1107 1408 1189 1460 plus
1208 1410 1249 1448 in
1265 1407 1424 1448 Oriente
1440 1416 1532 1456 prae-

218 1502 221 1507 .
250 1464 432 1506 fidiorum
459 1467 622 1518 populus
648 1470 844 1511 Romanus
873 1472 1055 1521 haberet,
1083 1472 1244 1512 assensus
1267 1471 1320 1511 est
1343 1470 1536 1515 Antonio,

254 1528 428 1566 Herodem
450 1542 559 1581 regem
579 1532 614 1569 δ·
641 1533 788 1569 amicum
812 1532 1045 1583 appellanti,
1070 1542 1227 1584 propter
1249 1533 1436 1581 Antipatri
1455 1543 1536 1569 me-

256 1591 443 1639 moriam,
470 1593 506 1631 &
527 1592 638 1643 ipsius
659 1596 850 1635 virtutem.
875 1596 951 1636 Sed
977 1598 1144 1636 Antonio
1170 1608 1350 1646 magnam
1367 1593 1540 1634 Herodes

256 1655 461 1703 pecuniam
490 1655 723 1705 promiserat.
761 1658 879 1709 Igitur
904 1658 1036 1699 senatu
1062 1660 1098 1699 ei
1124 1659 1240 1706 dato,
1268 1670 1357 1696 cum
1391 1655 1541 1696 Messal-

217 1765 223 1770 l
259 1715 296 1756 la
313 1718 347 1757 <Sc
363 1718 573 1767 Atratinus,
597 1718 894 1772 eloquentissimi
912 1723 1006 1771 viri,
1031 1723 1165 1777 merita
1182 1721 1347 1762 Herodis
1368 1731 1541 1758 comme·

261 1779 490 1829 moraffent3
520 1782 708 1823 Antonius
730 1785 896 1833 adjecit,
920 1786 1066 1838 interff
1081 1786 1244 1825 Parthici
1271 1784 1377 1830 belli,
1401 1796 1439 1821 uc
1462 1782 1539 1821 He·

260 1844 358 1880 rodes
389 1857 450 1881 rex
490 1845 689 1884 declaretur.
741 1845 797 1885 Ita
835 1845 900 1885 ille
939 1856 1072 1896 praeter
1102 1858 1257 1884 omnem
1289 1844 1538 1894 exspectatio-

259 1916 375 1953 nem,
401 1919 484 1955 quae
516 1905 662 1946 summa
694 1907 894 1947 censentur
916 1909 1014 1946 inter
1039 1906 1236 1954 homines,
1261 1907 1414 1951 nactus,
1441 1907 1539 1943 intra
1675 1911 1685 1961 ᾗ

261 1969 485 2019 septimum,
507 1983 623 2020 quam
646 1979 825 2018 venerat,
846 1971 948 2010 diem
963 1984 1009 2009 ex
1025 1969 1133 2009 Italia
1160 1969 1348 2019 profeetus
1367 1968 1431 2007 est.
1457 1968 1540 2007 Nec
1676 1963 1679 1973 '

1663 1007 1675 1118 ’ἑ

1675 1971 1685 1986 κ
1673 1570 1685 1907 -αῆπᾷυκι-Δοι-ι-’ᾼΔ
1676 1535 1681 1548 ⁸
1674 1457 1682 1473 -
1678 1387 1685 1403 a

261 2033 389 2082 enim,
413 2041 456 2073 ut
489 2033 557 2074 s1bi
589 2046 750 2085 regnum
774 2043 946 2086 peteret,
976 2041 1155 2072 venerat:
1185 2031 1290 2082 quod
1322 2043 1445 2080 neque
1476 2030 1541 2068 da-

260 2104 366 2135 turos
402 2094 654 2135 arbitrabatur
687 2096 912 2142 Romanos,
938 2095 1095 2133 minime
1123 2092 1335 2131 concedere
1365 2090 1423 2130 his
1456 2089 1542 2129 soli-

262 2166 345 2205 tos,
381 2158 445 2208 qui
471 2157 519 2196 de
544 2170 680 2208 genere
712 2159 816 2208 regio
841 2170 919 2196 non
947 2154 1076 2195 essent.
1120 2154 1265 2203 Adjefti
1288 2152 1372 2192 sunt
1407 2154 1443 2192 &
1477 2151 1540 2191 alii

262 2218 442 2257 honores.
493 2219 653 2259 Exeunti
683 2219 786 2258 curia
823 2219 901 2258 duo
932 2219 1178 2267 imperatores
1211 2223 1386 2254 texerunt
1413 2214 1543 2261 latus,

264 2281 482 2322 consulibus
517 2281 726 2332 ceterisque
757 2280 1032 2332 magistratibus
1067 2276 1377 2318 deducentibus:
1411 2289 1431 2314 a
1461 2276 1544 2325 qui-

269 2407 334 2493 Βῗ
360 2409 484 2442 XXXI.
519 2408 611 2453 Pigh.
636 2409 747 2442 annal.
771 2408 857 2443 Ptin.
884 2418 927 2449 7,
961 2417 1018 2451 43.
1051 2405 1173 2449 Vellei.
1198 2415 1217 2438 2
1238 2430 1248 2446 ,
1283 2414 1337 2446 51.
1370 2403 1444 2437 Cic.
1477 2412 1539 2447 pro

297 2472 312 2492 ἃ
329 2472 360 2494 ss·
