1685 3042
313 206 410 259 330
481 191 1534 246 JO.FRE1NSHEM118UPPLEM.·

315 314 456 353 eamque
486 300 711 354 ignominiam
750 301 877 341 exirem
910 303 1026 342 eadem
1058 302 1142 350 via,
1178 316 1253 354 quae
1295 303 1414 341 multis
1447 303 1593 356 egregiis

315 362 428 410 viris,
448 363 608 405 virtutem
633 377 656 400 a
670 363 817 415 fortuna
843 364 1026 416 oppreffizm
1054 363 1295 417 afferentibus,
1312 364 1461 416 placuit.
1485 365 1593 403 Nunc

314 424 400 476 quia
419 437 494 462 cum
513 424 589 462 cive
609 424 755 476 aequalis
779 425 967 476 dignitatis
994 425 1164 464 contentio
1184 423 1262 477 ficit
1275 453 1287 470 ‚
1315 436 1497 476 expertus,
1519 439 1593 475 quae

308 486 433 540 potui,
452 501 515 539 pro
539 487 684 538 patria,
708 487 774 539 tali
800 489 876 525 viro
898 487 1018 524 lubens
1044 488 1137 526 cedo.
1165 488 1244 525 Nec
1267 499 1380 525 tarnen
1407 488 1476 526 haec
1501 488 1594 525 ditia

299 550 359 600 fic
378 549 552 601 accipias,
574 550 672 602 quasi
694 549 841 595 villeri,
867 548 905 585 in
929 549 1027 600 spem
1057 548 1272 586 humanioris
1301 548 1504 593 clementiae‚
1528 548 1595 586 ad-

309 610 484 651 blandiar.
513 626 581 650 non
602 611 695 662 iffiem
723 612 788 649 huc
804 611 880 661 fine
898 609 1047 661 ficiali,
1057 610 1095 660 si
1111 624 1174 662 pro
1198 625 1248 648 me
1271 610 1366 662 ffm
1385 606 1591 663 fhilicitus:

310 675 395 713 aliis
419 688 538 726 pacem
562 674 719 726 postul0‚
746 687 847 724 quam
875 673 991 724 utique
1018 671 1229 723 concffcrus
1260 685 1321 719 es,
1350 673 1409 709 ubi
1432 687 1495 710 nec
1524 672 1594 709 ini-

310 748 416 786 quam
447 733 646 786 petitionem
672 747 803 779 meam,
829 745 937 783 neque
967 732 1160 770 rationibus
1189 732 1262 770 tuis
1285 732 1436 770 alienam
1466 747 1594 785 cogno-

309 795 414 835 veris.
441 796 540 833 Nam
569 806 608 832 ut
631 795 755 833 certius
785 795 900 832 omnia
927 795 1118 847 dispicias,
1164 794 1300 847 eparari
1332 796 1459 848 causas
1491 809 1593 846 opor·

309 866 384 901 tet,
412 866 452 892 ut
489 855 529 892 in
561 869 612 893 me
641 854 800 906 effitndas
829 855 939 902 iram,
973 869 1068 906 quem
1102 857 1219 894 lzorurn
1249 855 1398 893 omnium
1429 860 1593 894 aut‘lorem

309 915 483 968 intelliges
494 931 510 964 ;
537 916 594 953 his
614 917 773 970 ignoscas
787 947 799 965 ‚
821 917 880 968 qui
906 917 1035 968 decepti
1054 915 1228 969 fhlfique,
1252 915 1327 954 alia
1345 946 1354 963 ‚
1373 931 1475 968 quam
1491 916 1592 968 peni.

308 988 368 1015 tus
375 977 566 1029 sentiebam
577 1008 589 1025 ,
599 978 825 1029 praeferentem
840 1007 851 1026 ‚
867 979 903 1016 in
913 977 1042 1031 fratris
1063 978 1182 1016 Marci
1205 977 1355 1029 gratiam
1373 977 1483 1029 secuti
1490 978 1589 1029 sunt.

361 1048 495 1089 XXII.
525 1051 634 1100 Quod
640 1051 678 1100 fi
685 1049 779 1102 forte
806 1052 962 1102 quaedam
992 1049 1131 1088 liberius
1157 1051 1278 1088 dixero
1294 1081 1304 1098 ,
1326 1050 1470 1089 licentia
1488 1049 1595 1102 firo-

305 1109 431 1163 ciaeque
461 1110 631 1163 imputare
664 1110 749 1150 noli.
785 1125 855 1149 non
880 1113 1086 1149 conveniunt
1117 1126 1158 1149 ea
1199 1112 1404 1165 temporibus
1430 1112 1524 1149 meis.
1551 1125 1594 1150 ea

305 1183 444 1210 tantum
473 1172 586 1210 dicam
610 1187 655 1210 ex
680 1173 791 1211 animi
828 1173 892 1211 mei
918 1173 1115 1225 sententia,
1148 1187 1222 1226 quae
1253 1172 1454 1222 diffi'mulari
1478 1174 1596 1225 nequi.

307 1234 406 1273 bunt.
434 1235 514 1287 Ego
540 1233 663 1272 bellum
692 1235 755 1273 tibi
778 1235 872 1286 fici,
908 1237 1038 1289 Caesar,
1066 1249 1134 1273 non
1158 1247 1196 1272 ut
1220 1235 1370 1288 oppreſjb
1385 1234 1594 1286 succederem

308 1296 348 1333 in
371 1295 599 1349 principatu,
629 1298 698 1348 fid
729 1309 768 1335 ut
791 1298 987 1349 restituerem
1015 1297 1260 1350 rempublicam
1299 1296 1462 1347 simum,
1492 1295 1595 1348 cujus

300 1357 370 1409 ficb
403 1358 467 1394 hac
502 1357 709 1396 triumvirali
737 1358 900 1409 potestate
937 1357 1002 1409 jus
1034 1369 1134 1408 atque
1175 1358 1277 1396 decus
1313 1370 1409 1395 omne
1445 1357 1595 1408 accisum

306 1431 413 1470 atque
433 1417 613 1470 sublatum
645 1419 689 1470 est
716 1418 861 1470 injuria.
898 1420 961 1457 r'zoc
995 1420 1082 1457 enim
1119 1419 1186 1470 ipsi
1219 1431 1350 1471 quoque
1382 1419 1416 1457 ὅ»
1438 1418 1592 1470 fisifi'stis

310 1479 416 1527 olim,
437 1481 470 1518 ὁ·
488 1479 714 1532 praetulislis,
743 1480 931 1532 legitimum
951 1482 1039 1519 hunc
1061 1480 1292 1532 magistratum
1311 1495 1381 1518 non
1403 1480 1465 1531 effi
1480 1478 1569 1531 fhffi
1579 1509 1592 1527 ‚

308 1542 528 1593 neceffarium
560 1541 799 1593 appellantes,
828 1542 934 1580 donec
963 1540 1065 1591 Caffii
1098 1541 1267 1593 Brutique
1294 1541 1595 1580 irreconciliabilis

299 1602 410 1656 fhflio
441 1603 623 1644 tolleretur.
654 1604 739 1643 Ideo
765 1618 869 1655 neque
894 1615 1090 1656 perpetuum
1114 1602 1199 1655 effe,
1216 1603 1282 1656 sed
1305 1602 1595 1655 quinquennalem

308 1667 476 1719 voluistis.
515 1668 614 1720 Ergo
642 1668 757 1718 itaque
785 1666 941 1719 opprffs
966 1666 1117 1719 partium
1145 1667 1309 1710 ducibus,
1343 1665 1594 1717 reliquiarum,

301 1729 340 1780 fi
363 1739 477 1765 tamen
501 1727 582 1765 ullae
606 1728 693 1780 sunt
719 1727 893 1779 reliquiae,
924 1741 994 1764 non
1020 1739 1140 1765 contra
1164 1727 1426 1779 rempublicam,
1447 1729 1514 1780 sed
1527 1742 1593 1780 pro

302 1789 374 1842 fita
404 1789 640 1827 incolumitate
672 1790 892 1827 manentibus
912 1789 1044 1835 armis,
1070 1790 1138 1841 sed
1172 1789 1336 1840 efferis,
1355 1790 1463 1840 fimul
1489 1802 1591 1841 atque

309 1851 425 1891 timere
439 1851 508 1901 sibi
533 1866 556 1890 a
580 1851 681 1889 vobis
703 1850 857 1901 defierint
868 1865 885 1898 ,·
903 1861 1033 1903 tempus
1056 1850 1119 1901 eff}
1135 1850 1324 1902 judicavi,
1349 1862 1385 1888 ut
1400 1881 1410 1897 ‚
1433 1849 1592 1901 ceffiznti.

309 1915 375 1952 bus
397 1914 590 1966 aliquando
625 1912 917 1952 extraordinariis
949 1911 1129 1965 imperiis,
1154 1911 1291 1964 patrius
1322 1925 1396 1949 mos
1421 1910 1590 1963 civitati,

297 1975 505 2029 'legibufique
530 1976 565 2014 6³
587 1974 846 2027 magistratibus
871 1974 1019 2026 potestas
1044 1974 1113 2026 sua
1147 1974 1347 2014 redderetur.

394 2044 544 2084 XXIII.
602 2045 723 2096 Neque
763 2059 844 2082 vero
888 2042 1047 2097 majorem
1093 2041 1154 2094 effi·
1199 2043 1388 2081 ducendam
1426 2041 1555 2093 fratris
1576 2071 1590 2090 ,

312 2119 413 2160 quam
442 2105 656 2157 reipublicae‚
689 2105 855 2143 rationem
890 2104 1113 2154 existimavi;
1137 2096 1216 2155 sore
1246 2103 1460 2155 persuasus,
1493 2114 1531 2140 ut
1560 2102 1591 2140 ei

311 2181 472 2221 quoque,
503 2181 577 2204 curn
613 2166 776 2218 venisti-t,
817 2178 889 2204 tam
920 2165 1017 2218 justa
1049 2166 1083 2205 δ’
1113 2165 1262 2218 gloriosa
1292 2165 1524 2215 probarentur.
1555 2165 1591 2203 δ’

312 2232 397 2284 quia
424 2230 509 2267 mihi
543 2230 762 2283 magistratus
802 2243 920 2268 nomen
947 2227 1163 2282 profuturum
1195 2228 1243 2265 ad
1272 2226 1446 2280 efficienda
1485 2238 1591 2278 coepta

313 2293 510 2340 credebam,
542 2293 707 2330 dimittere
742 2293 833 2330 hanc
864 2291 1153 2344 opportunitatem
1192 2289 1298 2328 nolui.
1334 2288 1442 2339 Quod
1457 2288 1494 2337 fi
1523 2288 1589 2326 tibi

315 2367 369 2391 res
390 2367 431 2390 ea
449 2353 542 2391 cordi
557 2352 705 2405 fitiſjh,
731 2367 838 2405 penes
865 2364 894 2390 te
924 2352 1000 2405 effet
1020 2352 1111 2389 tanti
1131 2351 1242 2403 operis
1268 2351 1363 2401 coepti
1387 2348 1590 2401 perfiu‘lique

313 2415 440 2467 gloria.
475 2415 557 2467 quia
588 2429 666 2452 vero
698 2415 760 2452 tibi.
788 2414 985 2466 persuaderi
1015 2413 1187 2465 nequitum
1221 2411 1287 2462 cst;
1316 2425 1401 2457 οη),
1427 2410 1504 2447 urbe
1525 2423 1589 2460 per

316 2479 388 2520 vim
406 2491 595 2533 occupata,
617 2480 679 2518 hoc
703 2476 863 2530 affcHavi
889 2478 1009 2525 decus,
1043 2475 1239 2528 instinctus,
1269 2485 1306 2512 ut
1326 2473 1466 2527 opinor,
1487 2485 1592 2525 genes
