1685 3042
243 210 337 258 194
416 192 513 239 JO.
560 188 1059 247 FREL‘NSHEMH
1101 184 1461 233 SUPPLEM.

245 303 294 341 tis
323 300 452 340 omnia
484 298 766 350 sequebantur:
801 298 837 336 ἃ
869 295 933 335 alii
958 293 1192 340 formidine,
1221 292 1331 331 multi
1364 292 1523 339 favore,

244 374 332 413 pars
362 373 500 411 magna
530 355 698 410 praemiis
727 357 969 396 incitabatur.
1010 355 1164 404 Quippe
1198 355 1234 393 ἃ
1264 354 1523 407 accusatoribus

239 415 465 476 percufforum
480 423 630 473 pecunia
657 417 837 470 promissa
852 426 959 464 erat,
986 415 1020 453 δ’
1038 415 1280 468 magistratus,
1305 429 1399 467 quem
1424 429 1525 452 act-u·

238 485 346 537 finus
363 494 511 535 gereret,
534 479 733 532 militiaeq'uej
760 479 902 523 ,vacatio
931 476 1012 527 ipsis
1037 475 1214 526 liberisque
1235 476 1270 514 δ’
1293 475 1487 526 nepotibus.

297 539 383 584 Vll.
429 536 499 583 His
530 550 681 588 motuS,
710 541 874 589 opinor,
902 537 1068 586 Capito,
1095 534 1232 583 Velleji
1258 534 1426 573 historici
1452 548 1526 585 pa-

243 612 376 653 truus,
405 605 578 655 Agrippae
599 601 813 655 subscripsit
842 601 883 637 in
910 598 951 637 C.
979 596 1158 636 Cassium.
1183 597 1285 637 Nam
1315 597 1371 636 M.
1396 598 1526 646 Agrip-

242 680 332 718 pam
358 665 480 706 Cassio
507 664 649 710 Caesar,
674 663 713 701 L.
732 659 981 700 Cornificium
1002 658 1118 697 Bruto
1146 658 1381 697 accusatores
1408 671 1528 708 appo-

240 719 379 769 suerat.
415 723 526 768 Nihil
554 734 632 764 erat
663 726 792 763 aetum
825 722 1074 761 damnatione
1107 732 1286 772 reorum,
1323 720 1388 759 nisi
1426 723 1461 760 ὁὶ*
1489 720 1527 760 vi

172 829 174 831 ,
241 791 430 841 armisque
464 789 612 840 possent
643 786 820 837 superari.
856 786 1034 834 Namque
1065 783 1206 822 Brutus
1240 791 1352 833 atque
1381 783 1525 823 Caffius

231 852 315 909 jam
348 854 466 893 habere
493 852 646 903 legiones
672 850 804 888 circiter
828 848 959 900 viginti
992 845 1234 885 dicebantur.
1269 845 1419 885 Idcirco
1444 846 1527 885 Cae·

241 916 301 955 sar
316 946 325 961 ‚
339 916 390 953 rad
417 914 487 952 hos
504 911 754 952 debellandos
777 910 989 950 amicitiam
1008 909 1168 955 Antonii
1188 908 1254 946 fibi
1280 907 1527 947 necessariam

239 979 324 1019 fore
351 977 509 1024 videns,
539 989 561 1014 a
593 988 667 1025 quo
703 971 1111 1024 proprenaffinitatem
1141 969 1333 1008 dissociari
1355 970 1525 1020 Lepidus

239 1040 417 1090 nequiret
435 1069 446 1087 ,
475 1051 521 1077 eo
548 1035 716 1075 contulit
732 1033 889 1074 consilia
905 1063 915 1081 ,
938 1041 980 1072 ut
1003 1032 1072 1071 hos
1098 1032 1253 1070 interim
1277 1030 1437 1071 haberet
1457 1032 1525 1070 ad-

238 1103 408 1152 jutores,
445 1100 596 1149 postea,
625 1097 780 1136 sublatis
813 1109 947 1134 eorum
984 1106 1058 1144 ope
1090 1092 1396 1143 percussoribus,
1420 1093 1521 1143 ipsos

241 1175 396 1214 quoque
429 1159 592 1205 tollendi
619 1168 794 1209 rapturus
824 1166 889 1196 aut
917 1156 1082 1195 facturus
1111 1154 1366 1194 OCCafionem.

307 1225 410 1264 VIII.
460 1225 518 1263 Ne
552 1231 682 1261 tamen
722 1223 804 1270 ejus
840 1218 1022 1269 propositi
1059 1224 1254 1255 emanaret
1291 1214 1524 1266 intempesti-

239 1301 285 1327 va
316 1286 504 1338 suspicio,
534 1297 660 1334 neque
693 1284 742 1323 de
777 1282 888 1321 rebus
920 1280 963 1318 iis
990 1278 1144 1326 retulit,
1177 1279 1212 1318 ὃς
1245 1277 1347 1328 quali
1382 1276 1525 1316 bellum

237 1349 411 1396 illaturus
439 1347 609 1385 hostibus
633 1345 838 1394 judicatis,
867 1342 916 1382 ad
942 1353 1044 1380 mare
1072 1339 1248 1390 superum
1276 1337 1388 1384 lentis
1412 1337 1525 1376 itine-

236 1413 344 1465 ribus
373 1409 560 1463 processit.v
592 1409 741 1448 Interea
767 1419 815 1445 ex
844 1404 1057 1454 composito
1085 1402 1134 1451 Q.
1159 1401 1296 1440 Pedius
1334 1401 1382 1438 ad
1415 1399 1524 1438 sena-

237 1487 325 1515 tum
348 1477 390 1512 de
418 1474 524 1511 venia
550 1473 679 1523 Lepido
705 1483 808 1523 atque
838 1469 1000 1509 Antonio
1023 1467 1237 1505 concedenda
1266 1464 1407 1504 retulit,
1444 1464 1526 1504 Alia

237 1539 316 1588 jam
353 1535 465 1585 plane
494 1547 618 1572 rerum
656 1533 773 1572 facies
797 1531 870 1570 effe
894 1539 1083 1580 coeperat,
1121 1538 1188 1576 ut,
1216 1527 1425 1578 quimodo
1457 1540 1527 1577 pro

239 1597 506 1649 defensoribus
544 1595 728 1634 libertatis
758 1593 879 1632 habiti
911 1593 1086 1638 fuerant,
1121 1600 1305 1640 tanquam
1333 1589 1456 1628 hostes
1492 1592 1524 1630 ὅ,

236 1660 435 1712 parricidae
461 1661 501 1697 in
531 1657 791 1698 exsecratione
822 1654 963 1693 essent:
996 1664 1129 1692 contra
1152 1651 1318 1702 despecti
1346 1652 1464 1690 modo
1488 1653 1527 1691 Sc

237 1722 389 1762 tantum
416 1733 495 1759 non
525 1719 648 1758 hostes
674 1717 804 1768 patriae
828 1716 1022 1766 judicati,
1057 1727 1136 1753 non
1167 1712 1345 1753 benevoli
1377 1722 1528 1753 tantum

236 1783 384 1833 fidique
415 1779 660 1831 reipublicae,
692 1779 757 1818 sed
782 1778 897 1818 etiam
928 1775 1092 1815 civitatis
1122 1787 1167 1814 ac
1198 1774 1346 1813 senatus
1373 1776 1527 1824 patroni

238 1845 487 1884 haberentur.

293 1906 365 1946 IX.
393 1905 511 1955 Igitur
532 1903 580 1942 ad
608 1900 793 1941 Caesarem
815 1899 965 1940 senatus
992 1899 1090 1938 misit
1106 1929 1117 1947 ,
1141 1906 1322 1948 tanquam
1349 1897 1524 1947 ignarum

236 1984 371 2011 eorum
387 2000 398 2018 ,
416 1982 497 2019 quae
517 1975 736 2018 agerentur,
763 1975 804 2003 ut
825 1964 938 2013 hujus
967 1962 1190 2003 sententiam
1209 1961 1432 2011 exquireret.
1462 1962 1525 1999 At-

237 2047 313 2084 que
338 2034 394 2080 is‚
424 2032 538 2070 omnia
571 2031 647 2068 ali-z
680 2029 895 2080 cupientem,
919 2027 957 2064 vi
989 2026 1137 2063 militum
1167 2024 1266 2075 adigi
1299 2024 1349 2060 ad
1381 2024 1525 2073 consen-

235 2098 415 2142 tiendum,
431 2093 622 2143 rescripsit.
643 2090 893 2139 secutumque
910 2085 1275 2127 senatusconsultum
1290 2116 1299 2131 ,
1323 2097 1398 2133 quo
1417 2083 1522 2133 prius

237 2157 438 2195 decretum
471 2153 762 2203 antiquabatur,
796 2164 882 2190 cum
914 2151 1048 2189 amieis
1079 2149 1128 2187 ad
1165 2159 1230 2186 eos
1256 2146 1386 2185 literis.
1426 2146 1523 2185 Eam

241 2210 293 2256 ob
321 2215 472 2255 causam
501 2214 647 2254 senatui
679 2212 886 2267 gratulatus
913 2211 964 2250 cst
991 2210 1134 2258 Caesar,
1165 2209 1410 2258 Antonioque
1437 2207 1523 2246 scri-

237 2281 336 2332 psit,
365 2280 504 2318 auxilio
529 2280 568 2331 se
593 2290 773 2315 venturum
797 2277 963 2328 adversus
985 2267 1190 2319 Decimum,
1237 2288 1247 2308 ι
1280 2273 1309 2309 ei
1337 2271 1519 2308 videretur.

239 2342 304 2383 Ob
331 2342 413 2381 haec
433 2340 673 2380 collaudatus
697 2339 743 2378 ab
765 2338 899 2377 iisdem
924 2336 1116 2382 Patribus,
1141 2334 1277 2386 quibus
1295 2332 1409 2384 paulo
1432 2341 1519 2372 ante

298 2460 316 2498 ,Ε
342 2458 402 2496 Yl.
428 2457 567 2489 Sueton.
599 2456 631 2487 in
660 2454 746 2497 Aug.
771 2465 801 2486 c.
828 2463 868 2493 27
887 2452 919 2485 8<
941 2452 995 2492 ὃς.
1022 2451 1165 2493 Appian.
1189 2449 1268 2481 Dio.
1293 2448 1315 2491 §
1340 2447 1418 2480 vn.
1441 2446 1522 2479 Vei-

245 2504 303 2549 lej.
328 2515 369 2545 2,
393 2506 445 2544 69.
475 2501 561 2534 l'lut.
588 2500 621 2532 'm
647 2499 740 2533 Brut.
766 2499 910 2543 Appian.
932 2496 1014 2529 Dio.
1045 2495 1066 2541 §
1093 2495 1184 2531 vlu,
1209 2494 1356 2538 Appian.
1376 2491 1458 2527 Dio.
