1685 3042
243 227 327 274 IN
363 213 981 281 LOC.L113.CXX1V
1020 226 1169 272 mv,
1274 235 1370 290 291¹

85 334 138 383 ti,
158 340 264 385 pater
288 335 370 383 ejus
394 331 603 378 Labeonis,
633 330 698 380 qui
723 342 815 368 mox
831 329 962 380 infigni
990 332 1122 381 peritia
1144 332 1236 381 juris
1258 332 1369 384 supra

88 397 249 438 modum
280 395 476 440 inclaruit,
509 392 604 431 foffa
635 393 676 431 in
697 393 862 431 tentorio
891 394 939 431 ad
961 396 1121 434 modum
1147 395 1202 434 sui
1229 409 1372 447 corpo-

85 461 138 499 ris
173 458 332 505 effecta,
367 455 538 505 datisque
564 455 612 494 ad
652 467 811 494 uxorem
845 457 879 494 ἃ
908 455 1045 495 liberos
1077 459 1290 506 mandatis,
1326 458 1371 496 fi.

87 520 280 559 dissimum
305 516 497 555 servorum
531 516 756 567 circumegit
784 515 972 556 libertatis
998 517 1134 566 causa,
1166 518 1373 569 gladioque

90 580 181 619 dato
212 577 389 628 jugulum
416 577 593 627 praebuit.

142 640 254 681 XXI.
291 639 438 678 Eodem
475 640 591 678 modo
621 641 655 678 ἃ
683 637 920 688 Quinctilius
947 639 1068 678 Varus
1102 639 1241 689 periit,
1273 640 1378 680 occi.

85 701 148 741 sus
171 715 192 740 a
217 701 380 749 liberto,
410 713 498 739 cum
533 700 570 740 se
598 700 805 750 insignibus
836 700 1030 740 honorum
1052 701 1217 740 velaffet.
1257 704 1377 741 etiam

88 764 230 804 Drusus
254 764 317 803 sua
341 764 408 802 fibi
442 776 559 803 manu
588 763 773 802 conscivit
799 776 958 811 necem,
984 765 1126 804 Liviam
1159 764 1378 815 relinquens

89 827 235 874 filiam,
271 828 305 866 &
327 833 511 875 nepotem
538 837 586 864 ex
619 837 663 863 ea
697 824 919 874 Tiberium,
952 826 1171 876 privignum
1198 827 1375 868 futurum

92 888 244 928 Caesaris
272 890 307 927 ἃ
332 886 591 925 Γυοεείῖὀτειῃ.
630 886 679 925 ita
713 876 981 927 tesshumanas
1007 889 1130 927 fatum
1157 889 1234 940 agit
1259 898 1377 929 rotat-

91 963 177 1000 que.
200 951 246 989 At
262 950 444 995 victores,
460 949 736 998 imperatorum
758 952 926 998 monitu,
951 962 1022 988 nec
1044 951 1222 990 occidere
1246 952 1374 1000 fusos,

92 1025 166 1052 nec
187 1024 322 1062 capere
355 1013 554 1059 curante8‚
584 1011 659 1050 hoc
693 1021 842 1051 tantum
868 1022 1050 1063 egerunt,
1081 1022 1123 1052 ut
1159 1014 1301 1053 diversa
1333 1015 1375 1054 in

91 1075 179 1115 loca
200 1074 237 1112 se
262 1074 488 1123 recipientes
522 1072 745 1112 clauderent
761 1104 772 1122 ,
800 1087 848 1112 ne
877 1076 1015 1113 iterum
1039 1078 1376 1126 conjungerentur.

96 1136 231 1176 Castris
252 1135 482 1186 prohibendi
505 1135 696 1185 praecipua
724 1147 812 1174 cura
834 1136 930 1184 fuit,
956 1146 1266 1187 occupatamque
1289 1150 1380 1178 cum

90 1190 264 1248 periculo
303 1205 453 1246 portam
496 1194 738 1233 occluserunt
775 1196 1047 1235 incidentibus.
1096 1197 1246 1236 Idcirco
1283 1198 1377 1249 fuga

92 1258 191 1297 inde.
215 1257 263 1296 ad
296 1270 397 1295 mare
430 1255 532 1295 versa
564 1255 799 1306 montesque.
838 1257 895 1296 Ibi
929 1257 1049 1296 Caesar
1081 1259 1128 1297 ad
1161 1259 1274 1297 castra
1301 1259 1382 1298 hoa

92 1321 206 1361 stium
236 1319 426 1364 constitit,
459 1327 502 1356 ut
528 1328 729 1367 erupturos
758 1319 980 1367 exciperet,
1013 1320 1182 1358 Antonio
1211 1321 1260 1359 ad
1294 1322 1380 1360 reli.

93 1395 169 1432 qua
194 1381 285 1420 belli
318 1380 554 1430 profliganda
581 1388 819 1428 properante.
859 1379 934 1418 Sed
962 1379 1054 1418 huic
1082 1380 1272 1430 potissima
1304 1394 1381 1420 cu-

91 1459 134 1484 ra
168 1445 263 1493 fuit,
301 1456 349 1482 ne
382 1444 500 1482 duces
528 1441 794 1490 elaberentur,
831 1442 957 1481 denuo
994 1445 1212 1493 pugnaturi.
1258 1444 1381 1494 Igitur

92 1507 155 1548 his
185 1507 422 1557 excipiendis
452 1505 750 1556 quaquaversum
778 1505 919 1545 dimisit
946 1507 1113 1555 equites:
1154 1507 1250 1546 inter
1282 1522 1381 1559 quos

93 1568 233 1609 Rhasci
261 1568 452 1619 praecipua
481 1567 555 1606 fuit
585 1579 727 1617 opera,
757 1568 823 1617 qui
848 1579 937 1605 cum
966 1566 1177 1608 Thracibus
1204 1569 1298 1617 suis,
1322 1584 1381 1609 re-

94 1633 255 1682 gionum
284 1632 434 1681 gnaris,
454 1631 645 1679 montium
673 1630 769 1668 sinus
797 1629 1033 1680 latebrasque
1055 1643 1188 1669 omnes
1213 1631 1383 1681 perscru.

95 1693 270 1740 tabam,
302 1691 374 1730 hac
401 1693 437 1730 &
466 1701 592 1730 cetera
623 1691 820 1741 diligentia
850 1690 1000 1741 fideque
1032 1691 1095 1730 sua
1124 1692 1381 1743 Rhascupoli-

99 1756 159 1794 dis
185 1754 309 1793 fratris
339 1753 497 1792 salutem
529 1754 771 1804 promeritus.

152 1818 285 1858 XXH.
318 1818 391 1857 Sed
428 1816 502 1856 alia
534 1829 668 1855 manus
698 1817 748 1856 ita
780 1815 1075 1868 persequebatur
1109 1817 1298 1867 Brutum,
1331 1824 1379 1859 ul:

98 1879 204 1920 nulla
228 1879 300 1918 alia
325 1880 451 1929 praeda
479 1879 630 1928 objecta
665 1878 800 1918 diverti
834 1887 1036 1929 pateretur.
1081 1880 1125 1920 Id
1156 1880 1222 1919 ubi
1257 1882 1385 1922 anim-

98 1941 297 1982 adversum
329 1941 472 1980 Lucilio
504 1940 649 1981 Lucino
682 1941 758 1988 est,
791 1939 896 1980 Bruti
928 1940 1102 1980 servandi
1124 1941 1232 1981 causa
1267 1942 1380 1993 spon.

97 2011 136 2043 te
161 2002 308 2042 inceffit
338 2004 506 2051 tardius,
531 2011 574 2041 ut
601 2016 622 2042 a
653 2003 818 2042 barbaris
843 2004 1106 2053 exciperetur:
1141 2014 1222 2043 tum
1249 2005 1379 2044 adduci

98 2067 148 2103 ad
172 2066 370 2104 Antonium
401 2077 631 2115 magnopere
658 2065 896 2103 contendens
913 2096 923 2112 ,
962 2078 1008 2104 eo
1035 2079 1188 2117 quoque
1212 2066 1375 2115 fefellit,

98 2137 143 2166 ut
164 2127 300 2167 Brutus
322 2127 395 2166 effe
425 2136 648 2177 putaretur,
685 2129 719 2166 δε
744 2126 1027 2177 implacabilem
1054 2129 1252 2168 inimicum
1280 2131 1376 2169 vitaz

100 2201 140 2227 re
166 2187 346 2228 Caesarem
377 2187 486 2227 velle.
531 2188 618 2227 Hoc
651 2188 829 2226 nuntium
866 2189 1076 2239 ancipitem
1107 2192 1227 2229 animi
1262 2192 1381 2230 Anto-

99 2250 207 2289 nium
233 2250 390 2297 habuit,
428 2249 757 2300 quemadmodum
788 2258 901 2288 tantae
927 2251 1160 2301 dignationis
1187 2252 1376 2301 famaeque

101 2311 226 2351 virum
245 2312 284 2350 in
306 2312 377 2351 hac
401 2311 556 2350 fortuna
579 2312 779 2360 reciperet.
800 2310 866 2350 sed
887 2313 1042 2363 propius
1067 2313 1168 2352 faclo
1190 2312 1378 2362 Lucilius„

103 2375 175 2414 Dii
204 2388 282 2413 vero
309 2373 558 2427 prohibeffirzt,
593 2373 741 2422 inquit,
772 2385 810 2411 ut
837 2375 916 2427 capi
949 2376 1084 2414 Brutus
1110 2377 1240 2427 queat!
1274 2388 1380 2428 neque

152 2491 174 2533 ς
197 2493 272 2525 xx.
298 2493 440 2537 Appiam.
456 2493 545 2527 Piut.
564 2491 685 2536 νευρῇ,
701 2503 748 2539 ᾳ,
767 2501 821 2532 71.
836 2493 913 2527 Val.
933 2494 1027 2527 Max.
1046 2505 1060 2531 4
1076 2520 1084 2534 2
1103 2493 1382 2542 7.Dio.§XX14

112 2536 237 2581 ϊεῐὶε).
262 2539 399 2576 bueron.
422 2538 453 2570 in
477 2538 551 2574 Tib.
572 2548 603 2574 c.
629 2549 659 2581 5,
681 2536 764 2574 Dio.
786 2538 931 2597 Appiam
1023 2581 1066 2628 T

1096 2599 1121 2637 a
