1685 3042
317 166 412 230 '362
480 167 1496 225 JO.FRE1NSHEM118UPPLEM;

309 272 395 326 pejo
427 274 703 327 relinquebatur,
730 292 804 316 cum
831 280 1002 319 Sardinia
1026 281 1243 333 Corsicaque‚
1268 281 1304 320 6·
1335 284 1480 331 ceteris,
1501 296 1594 336 quas*

311 347 386 373 tum
417 337 588 388 hahebat,
608 340 758 392 insulis,
785 342 824 380 in
850 343 991 381 totidem
1021 358 1145 382 annos.
1184 344 1333 397 Aclzaja
1367 347 1471 384 etiam
1499 361 1588 384 con-

309 397 428 448 cff1;
452 400 487 438 δ’
506 411 546 437 ut
555 402 771 454 consulatum
791 405 934 454 absens,
953 419 1014 457 per
1033 420 1130 457 quem
1156 406 1259 445 vellet
1275 421 1482 455 amtcorum‚
1499 421 1590 457 gere-

307 473 381 507 ret,
413 475 585 515 augurque
607 476 797 513 crearetur,
821 467 856 504 δ’
880 480 925 503 ex
948 467 1107 518 paternis
1135 468 1237 508 bonis
1267 470 1437 521 acciperet
1462 469 1589 521 sester-

303 520 392 560 tizim
414 523 678 576 septingenties.

374 592 574 633 XXXIX.
605 595 812 648 Fugidvis,
832 596 893 648 qui
910 595 978 648 fitb
1004 597 1172 650 Pompejo
1204 598 1419 642 militaro-nt,
1443 597 1589 637 libertas

299 654 474 695 ⁷elabatur:
496 658 635 706 liberis,
657 659 716 696 ubi
739 660 915 712 stipendia
941 661 1108 713 completa
1139 661 1352 713 habuzffent,
1373 664 1486 702 eadem
1500 679 1588 715 prae-

302 718 375 756 mia
390 748 401 767 ,
427 733 499 770 qztae
519 720 605 758 data
628 719 729 771 efferet
755 721 897 773 Caese'zris
922 723 957 761 δ’
977 722 1133 761 Antonii
1153 723 1335 762 militibus.
1360 724 1558 776 Exsulibus
1572 756 1585 773 ‚

295 792 522 832 praeterquam
545 782 687 833 publico
706 782 843 836 judicio
869 785 1055 835 parricidii
1078 786 1284 833 damnatis,
1309 784 1438 823 reditus
1470 801 1586 826 conce-

299 842 468 879 debatur.-
494 843 553 908 qui
568 857 679 881 eorum
687 846 814 897 sponte
824 845 1016 898 fitgtſjent,
1036 846 1111 884 lzis
1108 847 1225 885 omnia
1239 847 1330 885 bona
1342 848 1432 900 sua,
1453 848 1587 886 mobili-

297 901 366 938 bus
391 902 575 954 exceptis·
595 903 643 940 iis
665 918 745 943 vero
761 935 773 953 ‚
801 907 860 958 qui
885 907 1071 959 proscripti
1087 907 1259 959 fiuffi'mv
1282 909 1459 960 quadrans
1478 909 1586 947 bono-

294 975 372 1000 rum
406 964 651 1016 restituebatur.
683 967 883 1005 Nonnullis
915 969 1119 1008 nominatim
1156 970 1375 1022 magistratus
1403 972 1438 1010 δ’
1460 970 1583 1022 fizcer-

296 1025 397 1064 dotia
414 1026 695 1078 destinabantur:
717 1029 907 1083 Pompejus
934 1046 978 1070 ex
1003 1031 1163 1069 omnibus
1186 1032 1299 1071 Italiae
1316 1032 1404 1070 locis
1427 1034 1585 1071 deducere

294 1085 438 1124 debebat
458 1088 648 1140 praefidia‚·
677 1104 781 1143 neque
807 1091 987 1145 fugitivos
1018 1093 1160 1145 recipere
1184 1093 1359 1145 amplius,
1387 1107 1492 1145 neque
1516 1107 1583 1131 na-

292 1162 355 1188 ves
395 1151 446 1188 ad
479 1150 594 1191 Italiae
625 1151 713 1191 litus
742 1153 931 1206 applicare.
982 1153 1188 1202 Adjeetum
1233 1162 1338 1201 erat,
1369 1154 1422 1192 uti
1459 1153 1583 1191 nullas

292 1224 457 1266 praeterea
464 1227 602 1266 pararet
622 1230 734 1255 naves
745 1245 756 1264 ,
764 1216 1043 1269 securitatemque
1055 1217 1228 1269 praestaret
1245 1217 1361 1256 Italiae
1384 1232 1408 1254 a
1424 1216 1556 1269 piratis
1568 1245 1582 1264 ‚

293 1276 332 1315 ὸ
347 1276 561 1328 frumentum
587 1293 632 1317 ex
653 1279 805 1331 infidis,
827 1293 994 1331 quantum
1019 1280 1150 1331 populo
1175 1282 1333 1318 Romano
1354 1293 1400 1317 ex
1422 1293 1580 1332 unaqua-

289 1351 358 1390 que
376 1353 437 1390 per
464 1355 576 1378 annos
597 1342 789 1393 praeteritos
813 1342 1008 1390 deberetur,
1033 1343 1069 1381 ἃ
1092 1342 1128 1379 in
1151 1343 1315 1394 posterum
1345 1356 1495 1380 annuum
1520 1355 1580 1378 ve-

291 1402 434 1453 {tigal
421 1416 459 1439 ln
487 1404 600 1441 urbem
626 1405 779 1443 mitteret.
814 1405 908 1444 Haec
937 1403 1155 1454 conscripta
1184 1404 1479 1454 consignataque
1511 1403 1578 1442 de-

290 1460 450 1500 ferenda
473 1462 638 1502 Romam
671 1472 918 1512 curaverunt,
945 1473 988 1503 ut
1012 1464 1102 1503 loco
1124 1464 1353 1504 sanetiffimo
1379 1478 1400 1503 a
1422 1464 1580 1504 Vestali-

291 1520 366 1561 bus
395 1521 676 1562 asservarentur.
720 1523 981 1575 congreffique
1012 1526 1047 1564 &
1077 1523 1234 1564 osculati
1272 1526 1458 1574 invicem,
1489 1525 1579 1565 sorti

288 1583 593 1631 commiserunt,
620 1585 723 1635 apud
753 1598 867 1635 quem
892 1598 1024 1625 eorum
1049 1586 1151 1636 prius
1175 1585 1295 1637 epulae
1318 1593 1551 1637 pararentur.

345 1657 429 1697 XL.
462 1657 563 1696 Inter
592 1656 673 1695 haec
697 1655 744 1695 ab
778 1657 976 1696 innumera
1004 1657 1252 1696 multitudine
1286 1656 1454 1696 militum
1483 1655 1579 1707 pari-

288 1725 348 1758 ter
372 1732 416 1758 ac
447 1732 684 1771 paganorum
716 1728 843 1760 tantus
874 1734 949 1771 prae
974 1720 1115 1771 gaudio
1146 1719 1316 1760 sublatus
1346 1719 1490 1758 clamor
1509 1719 1576 1768 est,

286 1791 359 1832 ut,
385 1782 580 1823 montibus
608 1781 821 1833 repercussu
843 1783 1071 1834 augentibus
1098 1795 1258 1831 vocem,
1280 1784 1419 1836 quidam
1445 1783 1577 1821 exani-

288 1848 376 1886 mati
392 1848 480 1900 fimo
504 1847 708 1895 dicantur;
739 1846 869 1886 multis
893 1848 1010 1886 etiam
1030 1847 1127 1886 inter
1155 1846 1486 1887 concursationem
1503 1845 1574 1886 ob-

286 1908 386 1947 tritis
410 1916 522 1957 atque
546 1906 749 1948 suffocatis.
778 1908 877 1948 Nam
910 1918 951 1946 ut
975 1907 1146 1957 ejusdem
1176 1907 1335 1947 civitatis
1366 1906 1568 1955 homines,

286 1969 490 2020 plerosque
530 1969 708 2008 amicitiis
746 1977 810 2006 aut
842 1968 1126 2019 propinquitate
1159 1970 1335 2018 junctos,
1374 1975 1498 2006 tantus
1532 1968 1570 2007 se

288 2032 460 2070 invicem
493 2030 773 2081 complectendi
804 2030 919 2068 ardor
944 2030 1162 2076 incesserat,
1189 2039 1231 2069 ut
1258 2030 1369 2069 multi
1403 2030 1566 2080 Pompe-

285 2094 496 2143 janorum,
522 2105 600 2131 non
628 2091 847 2142 exspeftato
864 2121 874 2139 ,
901 2092 1025 2130 donec
1057 2092 1105 2130 ad
1134 2091 1222 2131 litus
1258 2105 1371 2130 naves
1403 2090 1570 2142 appelle-

285 2163 443 2201 rentur,
473 2156 512 2194 in
540 2167 643 2194 mare
676 2153 913 2205 prosilirent,
945 2157 981 2194 ὁὶ
1006 2162 1137 2193 contra
1166 2154 1245 2205 pari
1276 2154 1398 2193 studio
1424 2167 1443 2192 a
1470 2163 1566 2192 terra

287 2217 591 2266 occurrentium,
611 2217 709 2257 inter
730 2218 877 2257 medios
899 2217 1036 2258 fluetus
1065 2216 1306 2257 cohaererent.
1333 2218 1465 2268 Neque
1486 2225 1566 2256 tan·

344 2339 368 2382 §
393 2340 584 2373 XXXVIII.
607 2340 683 2374 [iv.
708 2341 797 2385 Epit.
821 2341 902 2374 Dio.
923 2341 1012 2374 Plut.
1035 2342 1068 2374 in
1091 2342 1216 2374 Anton.
1237 2352 1265 2372 c.
1291 2350 1342 2374 42.
1362 2340 1475 2384 Fragg.
1495 2339 1561 2372 Ca-

284 2392 386 2450 pitol.
407 2394 552 2478 giluetton.
574 2393 608 2426 in
628 2393 715 2438 Aug.
744 2406 774 2428 c.
798 2397 847 2429 16.
875 2394 997 2438 Vellej.
1023 2404 1059 2435 2,
1084 2404 1137 2436 77.
1164 2394 1185 2439 ἓ
1211 2392 1369 2428 XXXIX.
1392 2393 1471 2427 Dm.
1489 2393 1560 2437 Ap-

285 2456 380 2491 pian.
486 2469 497 2480 .
