1685 3042
296 201 374 249 1N
421 200 592 248 roc.
631 199 766 246 LIB.
808 198 962 246 cxiv
1013 198 1159 249 riv,
1300 214 1357 266 33

71 306 167 350 sidio
180 340 192 358 ,
205 309 241 348 &
260 309 386 355 irritis,
402 320 493 358 quas
507 305 706 356 posuerat,
732 305 872 344 insidiis
885 335 897 352 ‚
916 307 1006 356 quia
1020 336 1030 354 ,
1050 306 1264 357 priusquam
1281 309 1362 349 Cae-

71 368 129 408 sat
147 370 434 416 accederet‚ex
464 367 560 406 locis
580 366 743 405 occultis
770 366 928 405 Labieni
960 366 1101 406 milites
1140 378 1244 406 metu
1273 382 1363 418 pro-

73 433 268 481 fugerant.
294 429 375 479 ipse
399 428 465 468 vix
492 441 582 467 cum
609 437 715 478 parte
741 428 914 477 equitum
948 428 1072 466 evasit.
1099 429 1196 468 Cum
1223 431 1363 470 deinde

74 502 191 541 opera
226 489 469 527 continuaret
503 488 647 536 Caesar,
674 488 724 526 ad
751 489 1045 538 impediendum
1076 491 1200 528 omnis
1232 493 1363 531 adver-³

70 551 254 591 sariorum
284 551 474 601 equitatus
502 553 536 590 &
565 551 701 589 leviter
724 550 859 590 armati
892 562 1165 600 praecurrerunt
1199 552 1267 592 sub
1297 568 1361 594 ve-

71 614 240 665 speram,
263 613 522 664 deductasque
547 614 595 653 ab
620 627 736 664 opere
765 615 893 664 copias
921 614 1073 654 Caesaris
1095 618 1357 667 impetierunti

74 677 123 719 Et
141 676 362 726 ,equitatum
391 677 547 726 quidem
574 676 821 715 multitudine
842 676 908 716 sua
933 676 1209 717 submoverunt
1231 681 1367 719 celeri-

73 746 158 786 tei-3
181 737 245 777 sed
269 737 334 777 ubi
361 737 542 777 converso
558 738 693 777 itinere
714 737 834 778 Caesar
859 750 947 777 Cum
975 738 1199 779 cohortibus
1228 742 1368 790 affuit,

0 812 9 819 ⁸
73 802 222 851 equites
244 800 464 840 confirmati
508 801 727 851 repulerunt
748 802 846 840 inter
868 801 1104 852 sequendum
1121 803 1263 853 sparsos
1288 807 1370 845 Nu-

74 864 200 903 midas
216 893 227 911 ‚
246 862 449 913 multisque
471 862 698 910 interfectis,
719 875 785 902 eos
806 865 1018 911 rejecerunt
1041 864 1079 902 in
1105 865 1220 904 castra
1246 869 1367 916 regis3

71 934 123 962 ne
152 934 286 962 omnes
320 922 583 962 internecione
619 923 861 971 delerentur,
902 927 937 963 ὁὶ
971 925 1050 975 ipse
1079 937 1144 965 rex
1181 939 1271 966 cuni
1299 928 1373 968 La-

74 985 190 1024 bieno
226 984 423 1037 deveniret
453 983 493 1021 in
521 984 749 1033 potestatem
788 985 967 1034 Caesaris,
992 989 1106 1027 noete
1137 989 1369 1040 ingruente,

78 1047 115 1084 Sc
148 1052 348 1083 commoto
377 1043 481 1081 venti
512 1043 756 1083 vehementia
779 1043 958 1094 pulvere,
989 1049 1232 1099 prospectum
1267 1052 1369 1094 hosti

80 1106 366 1152 adimentibus,
396 1102 517 1152 erepti
543 1102 642 1142 sunt.

134 1163 286 1204 XXVI.
316 1163 462 1203 Interea
490 1179 580 1205 cum
607 1165 730 1205 Caesar
752 1179 820 1216 per
847 1167 1041 1218 colloquia
1067 1170 1253 1220 militum,
1272 1172 1373 1222 spari.

81 1224 290 1279 gendisque
319 1223 460 1271 literis,
487 1226 702 1271 libertatem,
735 1239 839 1277 atque
865 1243 918 1266 res
949 1231 1041 1281 suas
1067 1228 1202 1279 Afris,
1227 1234 1373 1278 praemia

81 1288 221 1341 inficper
245 1285 420 1324 Romanis
443 1281 543 1332 adse
571 1280 753 1332 acceffiiris
778 1286 870 1320 esset
897 1284 1119 1333 pollicitus,
1139 1299 1187 1326 ex
1212 1287 1374 1339 legioni-

82 1348 154 1387 bus
169 1345 362 1393 Scipionis
387 1352 519 1392 quarta
534 1343 567 1381 ἃ
585 1341 691 1381 sexta
704 1371 715 1389 ‚
738 1341 779 1381 in
801 1343 940 1392 quibus
966 1345 1103 1385 Gaetuli
1119 1360 1248 1398 erant,
1267 1353 1370 1392 cives

81 1405 249 1447 Romani
268 1404 440 1455 plerique
468 1417 622 1452 omne8‚
651 1404 835 1454 permulti
864 1408 1005 1457 partim
1031 1409 1070 1448 in
1101 1412 1216 1451 castra
1249 1414 1371 1454 Caesa-

82 1469 154 1517 ris,
177 1467 317 1517 partim
331 1495 343 1513 ,
362 1478 437 1516 qua
461 1464 617 1514 quisque
638 1467 787 1515 potuit,
805 1464 1034 1519 perfugere.'
1052 1471 1207 1522 Equites
1227 1476 1340 1515 etiam
1355 1502 1369 1525 ‚

81 1532 148 1581 qui
179 1541 226 1567 ex
264 1527 371 1566 clade
407 1527 584 1566 Curionis
621 1528 725 1578 apud
765 1529 906 1569 Varum
951 1534 1227 1584 remanserant,
1259 1550 1372 1578 com-

84 1592 211 1643 plures
241 1589 382 1628 eodem
410 1588 568 1627 consilio
594 1588 682 1628 sunt
712 1590 776 1629 usi.
803 1592 880 1631 Sed
907 1594 942 1632 &
971 1594 1130 1644 Gaetuli,
1155 1610 1249 1646 quos
1279 1611 1371 1642 cum

83 1651 393 1698 literisJCaesai-is
431 1651 594 1689 domum
623 1650 688 1690 iffe
720 1653 915 1706 diximus,
947 1655 1046 1695 cives
1081 1656 1167 1696 suos
1199 1661 1248 1698 ad
1275 1662 1371 1701 defi-

83 1717 267 1756 ciendum
288 1728 308 1753 a
331 1726 419 1765 rege
444 1713 543 1761 juba
558 1713 831 1764 perpulerunt.
853 1717 931 1757 Sub
960 1718 1064 1758 idem
1091 1728 1243 1771 tempus
1266 1736 1369 1765 nona

87 1779 123 1816 Sc
151 1777 301 1816 decima
336 1773 488 1814 Caesaris
522 1773 691 1825 legiones
718 1788 767 1815 ex
799 1778 928 1818 Sicilia
962 1792 1166 1829 venerunt,
1194 1785 1245 1824 ob
1283 1787 1366 1825 ino-

85 1841 190 1890 piam
217 1839 372 1878 navium
400 1838 555 1877 tardiuS.
576 1851 691 1888 quam
715 1843 848 1880 naffitus
872 1841 1000 1882 ansam
1022 1844 1142 1884 Caesar
1157 1876 1168 1894 ‚
1193 1847 1235 1887 C.
1260 1850 1370 1888 Avie-

88 1915 184 1941 num
216 1902 410 1941 tribunum
439 1901 605 1941 militum
632 1902 792 1954 legionis
826 1906 1013 1954 decimae,
1039 1920 1129 1948 cum
1161 1910 1372 1960 ignominia

91 1964 259 2011 dimilit,
285 1964 391 2013 quod
416 1976 553 2002 navem
572 1976 661 2003 cum
685 1964 829 2005 familia
853 1966 917 2007 sua
943 1970 1201 2021 jumentisque
1216 1976 1250 2012 Sc
1267 1987 1373 2014 comn

89 2035 219 2067 meatu
244 2038 523 2078 occupaverat,
554 2027 759 2066 immemor
783 2027 850 2067 sub
870 2042 916 2067 eo
932 2029 969 2068 se
989 2032 1219 2081 imperatore
1234 2035 1372 2086 stipen-

87 2090 151 2130 dia
172 2090 320 2138 facere,
346 2090 412 2140 qui
439 2090 603 2129 maxima
630 2089 741 2130 classe
764 2089 996 2131 Britanniam
1018 2093 1178 2144 petens,
1199 2106 1273 2136 tres
1289 2108 1370 2138 tan-

89 2161 172 2193 tum
198 2152 322 2192 servos
344 2152 430 2191 suos
463 2152 708 2203 imposuerat.

155 2216 318 2255 XXVII.
362 2215 505 2255 Eadem
539 2217 574 2255 δι
599 2215 680 2254 aliis
714 2215 939 2265 quibusdam
975 2217 1186 2268 ignominia
1213 2222 1370 2273 addita,

92 2291 190 2329 quos
212 2278 262 2316 ob
289 2277 515 2316 seditionem
554 2278 777 2328 rapinasque
806 2279 923 2319 faetas
947 2280 986 2318 in
1016 2280 1125 2320 Italia
1151 2282 1248 2322 clam
1277 2288 1370 2324 ode⁶

92 2348 160 2380 tat.
188 2338 366 2379 Intereffe
394 2339 581 2387 arbitror,
606 2338 685 2390 ipsa
708 2339 837 2379 referri
861 2341 976 2380 verba
1002 2343 1284 2392 praestantissimi
1301 2348 1371 2387 ima

145 2452 167 2499 5
191 2455 300 2490 XXV.
322 2452 404 2489 Dio.
428 2453 449 2500 §
473 2455 600 2489 XXVI.
623 2456 750 2490 Auster
772 2457 812 2492 de
833 2458 870 2492 B.
895 2458 999 2492 Afric.
1019 2457 1143 2492 Athen.
1165 2458 1203 2500 6,
1227 2468 1280 2493 ιω,

150 2509 164 2523 “
199 2512 247 2558 T.
277 2514 370 2559 [εἰν.
399 2516 497 2559 Vol.
522 2515 616 2561 XI.
1099 2513 1140 2556 C
