1685 3042
239 212 318 260 1N
366 180 531 260 LoC.
575 207 714 255 Liss.
767 205 921 251 cxvi
969 205 1114 253 LIV.
1243 221 1299 267 91

29 318 179 375 corporis
202 318 277 372 ejus
302 328 463 371 agerent:
487 311 762 368 quinquennalia
793 324 958 363 tanquam
991 311 1084 349 heroi
1108 323 1309 363 agerentur.-

31 381 196 435 Lupercis
215 379 351 419 tertium
371 377 550 429 collegium
565 376 743 413 adderetur
755 389 772 418 ,0
780 371 952 411 Iuliorum
978 383 1222 421 cognomento:
1240 384 1317 410 mu„

31 459 105 483 nere
121 443 332 496 gladiatorio
355 441 393 478 in
425 439 503 477 urbe
529 438 563 476 ᾧ
584 450 645 490 per
667 435 813 476 Italiam
836 447 927 471 unus
960 434 1035 470 a'ies
1067 434 1191 483 Caeſszri
1217 432 1314 469 dica.

31 516 89 543 tus
116 504 215 556 effer:
241 501 445 541 in‘theatris
464 499 555 554 sella
577 498 654 552 ejus
676 512 781 537 aurea
795 527 808 544 2
824 497 859 536 ὃν
876 507 1051 548 gemmata
1073 494 1246 547 radiiffiue
1260 494 1320 531 di..

26 566 149 619 stinHa
173 578 319 612 corona,
335 563 440 614 ficuti
466 575 647 601 ceterorum
679 561 852 607 Deorum,
880 557 1068 610 inferretur.

88 627 256 668 XXXV.
276 625 467 665 Postremo
488 627 567 673 jam
590 636 669 662 non
687 635 754 672 per
779 621 984 671 ambages,
1007 619 1071 658 sed
1098 617 1318 669 propalarm

36 688 227 740 pulvinari
251 687 405 727 decreto
418 716 428 735 ,
442 687 561 726 lovem
579 684 712 725 lulium
728 682 986 734 appellarunt,
1002 681 1111 729 eique
1132 679 1241 719 suum
1265 688 1322 717 at-

34 751 251 791 tribuerunt
283 750 502 795 flaminem,
530 747 750 787 Antonium.
789 746 873 785 Nec
902 756 947 782 eo
980 744 1108 781 minus
1134 750 1318 791 tanquam

36 813 190 855 mortali
217 812 379 864 sepulcri
400 811 529 850 locum
552 811 743 850 dederunt
769 810 867 848 intra
895 806 1138 858 pomoerium.
1178 806 1212 844 ἃ
1234 804 1316 843 haec

39 877 193 916 decreta
208 907 219 924 ,
235 876 352 915 literis
380 877 502 915 aureis
523 876 563 913 in
585 872 772 912 columnis
796 869 1239 925 argenteisxconfignatffi
1255 866 1324 905 sub

38 939 203 990 pedibus
225 937 429 989 Capitolini
458 937 563 985 Jovis
588 935 884 974 collocaverunt.
917 933 1007 973 Non
1033 944 1095 971 me
1115 929 1234 978 fallit,
1264 929 1324 968 his

38 999 387 1042 commemorandis
426 997 557 1037 lectori
594 1010 656 1035 me
693 995 811 1035 fimile
842 994 1035 1034 fastidium
1064 990 1325 1040 comparasse,

37 1067 151 1110 atque
185 1072 256 1110 ego
292 1057 569 1109 cognoscendis
605 1056 894 1107 digerendisque
927 1054 1037 1094 subii.
1078 1053 1142 1092 sed
1184 1052 1321 1091 referre

39 1120 210 1167 credidi,
232 1133 281 1159 ne
302 1132 435 1170 parum
464 1118 666 1169 diligenter
690 1120 755 1158 ista
773 1119 1029 1164 traderentur,
1052 1129 1128 1166 quo
1151 1115 1218 1155 sub
1235 1113 1323 1154 illu·
1383 1125 1388 1137 ⁴

41 1183 103 1223 stri
131 1182 366 1221 documento
392 1179 517 1231 palam
552 1180 680 1226 fieret,
709 1180 748 1217 in
775 1188 961 1228 quantum
997 1177 1157 1215 insanire
1185 1188 1324 1226 magna

43 1244 195 1295 ingenia
212 1243 379 1294 'possint‚
414 1243 562 1293 quoties
590 1240 831 1292 popularium
862 1252 1002 1279 vocum
1025 1237 1236 1289 puerilibus
1261 1237 1329 1276 ob-

40 1307 279 1347 lectamentis
298 1306 338 1344 in
353 1304 602 1348 transversum
627 1306 709 1344 aeta
723 1335 734 1353 ,
755 1303 870 1343 semel
890 1316 911 1343 a
928 1315 1017 1342 vero
1045 1301 1173 1352 gloriae
1192 1300 1326 1340 itinere

45 1372 292 1412 diverterunt.

108 1431 297 1474 XXXVI.
338 1430 467 1473 Inerat
489 1429 580 1469 sane
607 1427 740 1470 Caesari
769 1423 1087 1478 praestantissimus
1117 1419 1233 1461 animi
1260 1419 1323 1457 vi·

46 1507 140 1548 gor,
164 1497 200 1534 δε
230 1505 354 1544 capax
383 1494 582 1539 omnium,
610 1492 658 1531 ad
693 1504 776 1542 quae
805 1489 995 1539 adspirare
1025 1484 1197 1525 mortalis
1218 1491 1331 1521 natus

46 1557 163 1604 ausit,
197 1554 430 1595 sublimitas:
467 1552 533 1591 fed
563 1551 797 1594 assuetudine
825 1552 861 1589 &
886 1547 1108 1598 voluptate,
1132 1541 1303 1595 jucunda
1320 1571 1333 1587 ‚

48 1631 164 1669 quarn
183 1615 356 1667 salutaria
369 1645 382 1661 ‚
401 1612 583 1653 audiendi
600 1642 612 1660 ‚
627 1625 707 1650 non
721 1611 872 1650 ceffavit
887 1623 907 1648 a
922 1609 959 1648 se
975 1606 1193 1652 desciscere,
1210 1605 1336 1645 donec

46 1681 97 1721 ad
123 1678 279 1725 stolida,
305 1680 340 1718 ἃ
367 1677 569 1728 pudenda,
596 1677 633 1714 δε
655 1674 889 1724 postremum
918 1668 1080 1709 exitiosa
1109 1665 1332 1719 prolabere..

50 1749 121 1781 tur.
171 1740 291 1791 Igitur
320 1738 520 1790 propalam
560 1737 701 1776 edebat
734 1747 848 1775 voees
883 1730 1080 1772 insolentis
1108 1727 1332 1778 arrogantiae

48 1802 305 1856 plenissimas,
333 1802 446 1842 Nihil
477 1800 629 1853 amplius
666 1799 727 1851 effe
760 1796 1031 1851 rempublicam:
1062 1791 1333 1846 appellationem

52 1867 152 1905 modo
163 1866 241 1917 fine
265 1879 400 1918 corpore
425 1864 601 1917 acspecie.
634 1862 769 1900 Sullam
787 1859 924 1914 nesciffi’
945 1858 1088 1902 literas,
1106 1854 1165 1909 qui
1189 1854 1337 1892 difflatu-

50 1942 124 1966 ram
151 1927 352 1980 deposuerit.
376 1925 510 1963 Debere
537 1923 692 1962 homines
708 1921 790 1976 jam
817 1916 1062 1971 confideratius
1080 1918 1197 1970 secum
1222 1914 1336 1968 loqui,

53 1993 89 2031 ὃ*
103 2005 168 2044 pro
189 1990 320 2041 legibus
340 1988 460 2028 habere
473 2018 484 2036 ‚
512 2001 587 2040 quae
608 1986 715 2030 dicat.

108 2051 317 2093 XXXVII.
339 2051 437 2091 Sane
454 2061 613 2100 magnos
629 2048 662 2087 ei
692 2046 856 2086 honores
877 2058 898 2085 a
913 2042 1105 2096 principio
1117 2072 1134 2090 ,
1149 2046 1340 2092 quotquot

57 2115 186 2158 adhuc
211 2124 341 2155 vetere
370 2115 477 2159 curia
502 2112 610 2163 digni
641 2110 888 2161 superabant,
913 2121 993 2148 non
1012 2106 1204 2146 immerito
1233 2103 1341 2142 detu-

48 2177 186 2217 lerant.
220 2177 296 2218 Sed
321 2176 387 2216 ubi
416 2175 498 2216 haec
527 2173 667 2225 cupide
693 2173 811 2223 recipi
844 2170 1084 2210 intellectum
1113 2167 1188 2214 est,
1213 2164 1337 2204 statim

54 2233 229 2291 prorupit
254 2237 491 2277 adulantium
523 2233 747 2287 protervitas
773 2241 853 2272 tam
877 2226 1157 2281 impudenter}
1178 2234 1222 2265 ut
1242 2227 1342 2265 inter

56 2300 128 2340 alia
158 2300 282 2351 turpia
315 2298 511 2340 censerent
540 2295 719 2347 quidam,
747 2294 852 2345 quod
886 2290 1136 2332 mulierosum
1163 2288 1235 2328 effe
1268 2287 1343 2326 sci-

57 2369 162 2410 rent,
191 2371 231 2399 ut
256 2374 384 2399 uxores
417 2360 596 2398 liberorum
634 2358 884 2411 quaerendorum
915 2355 1043 2408 causa,
1071 2365 1160 2404 quas
1196 2351 1231 2389 θ’
1260 2357 1345 2401 quot·

103 2477 308 2557 §SXXX1V0
335 2477 425 2511 Flor.
449 2476 472 2521 5
498 2476 640 2509 XXXV.
665 2475 806 2512 Sueten.
829 2472 910 2505 Dio.
948 2471 970 2515 §
998 2468 1156 2503 XXXVI.
1181 2466 1265 2500 Plini
1292 2475 1338 2506 7,

58 2533 112 2567 25.
160 2532 276 2557 ueteri,
