1685 3042
326 198 387 257 48
490 197 589 244 10.
624 180 1136 241 FRE1NSHEM11
1171 189 1518 241 SUPPLEM.

326 304 376 344 ad
405 300 710 353 oppugnandum
738 314 827 340 eum
856 301 893 339 se
915 308 1204 347 converterant·⁷
1237 300 1301 337 cui
1329 300 1458 349 generi
1483 295 1612 337 homi*-

328 375 422 403 num
437 394 448 412 ‚
473 362 584 402 haud.
609 362 684 402 sine
704 361 815 401 causa
831 393 842 409 ,
864 371 944 401 erat
973 361 1254 401 infensissimus.
1291 361 1462 401 Servavit
1485 367 1616 398 tamen

328 424 394 464 hic
423 435 577 474 quoque
600 421 816 462 institutum
849 422 983 470 suum,
1007 431 1051 462 ut
1078 423 1291 460 amicorum
1318 430 1431 471 atque
1455 420 1619 459 familiam

328 489 426 528 rium
462 486 724 537 deprecationi
764 486 1006 524 condonaret
1040 483 1217 534 fingulos.
1255 486 1291 524 ἃ
1318 483 1502 523 Octavius
1531 482 1618 532 qui-

329 552 417 592 dem
451 549 699 598 adolescens,
731 549 795 600 qui
832 549 960 600 postea
988 548 1173 598 Augustus
1201 546 1415 598 appellatus
1443 547 1517 594 est,
1546 558 1616 596 pro

329 615 508 665 Agrippae
536 612 592 650 sui
621 603 766 658 fratre,
797 611 860 659 qui
896 609 1036 648 eodem
1069 608 1171 648 bello
1205 608 1310 659 apud
1343 608 1398 649 M.
1430 607 1618 647 Catonem

326 677 454 717 fuerat
469 705 479 721 ‚
503 672 736 712 avunculum
767 672 950 711 exoravit.

397 737 512 777 LXV.
553 736 629 776 Sed
667 735 798 784 Scipio
827 737 866 779 A&
901 734 946 774 T.
971 732 1213 783 Torquatus,
1243 745 1393 783 unaque
1421 730 1620 779 Damafip·

329 812 402 852 pus
431 802 466 839 ἃ
494 797 690 838 Plaetorius
712 796 943 841 -Rustianus,
973 807 1060 833 cum
1093 795 1302 833 duodecim
1327 793 1488 832 navibus
1513 804 1620 842 aper-

330 862 381 902 tis
414 860 581 899 muitum
611 860 754 909 diuque
772 859 929 907 jactati,
955 869 1045 895 cum
1073 855 1301 905 Hispaniam
1332 861 1529 905 peterent,
1551 852 1619 897 ada,

329 923 440 963 versis
467 923 592 961 ventis
623 923 665 960 in
696 920 862 960 Africam
897 919 1033 966 relati,
1065 918 1168 967 apud
1200 917 1420 967 Hipponem
1453 914 1630 964 Regium'

329 997 353 1023 a
378 982 491 1022 classe
523 981 560 1021 P.
593 983 680 1021 Sitii
702 981 955 1031 excipiuntur.
992 979 1051 1020 Ibi
1079 980 1232 1029 Scipio,
1259 991 1348 1017 cum
1381 978 1620 1017 animadver-

331 1048 448 1088 teret,
479 1043 608 1083 navim
624 1074 636 1092 ‚
654 1056 728 1093 qua
755 1042 995 1090 vehebatur,
1015 1041 1062 1080 ab
1087 1040 1256 1079 hostibus
1289 1039 1399 1090 capi,
1424 1038 1552 1089 gladio
1578 1036 1617 1076 se

327 1105 626 1153 transverberat,
653 1107 690 1144 &
727 1104 1009 1155 quaerentibus.
1035 1103 1100 1143 nui
1125 1103 1270 1138 interea
1297 1101 1532 1147 irruperant,
1558 1099 1621 1136 ubi

333 1170 518 1216 imperaror
531 1167 642 1219 fft?
657 1168 872 1217 Imperator,
887 1157 1014 1207 inquit
1027 1185 1039 1202 ,
1060 1157 1140 1194 hene
1156 1156 1195 1207 se
1211 1156 1325 1192 hahet.
1352 1152 1501 1192 Eodem
1522 1162 1619 1191 tem-

331 1228 426 1268 pore
455 1228 572 1266 ceteri
602 1231 754 1275 quoque
785 1230 806 1255 a
835 1218 987 1257 Sitianis
1015 1216 1201 1255 militibus
1228 1215 1508 1253 interimuntur.
1533 1213 1619 1263 qui-

330 1279 401 1318 bus
435 1278 486 1317 ob
514 1287 694 1317 navatam
722 1290 767 1316 eo
801 1277 903 1318 bello
933 1291 1088 1329 operam
1105 1307 1116 1326 a
1147 1290 1235 1316 curn
1263 1276 1339 1315 alia
1372 1276 1526 1326 praemia
1553 1276 1620 1314 de-

333 1339 553 1387 dit'Caesar‚
576 1349 666 1378 tumv
691 1339 833 1379 Cirtam
867 1339 963 1379 olim
993 1352 1125 1391 regum
1147 1340 1332 1384 domum,
1360 1349 1474 1387 quam
1505 1349 1619 1386 cepe·

330 1413 438 1452 rant,
471 1401 720 1441 habitandam
752 1401 968 1441 concessit:
1007 1402 1111 1439 unde
1142 1401 1281 1439 colonia
1308 1400 1525 1439 Sitianorum
1553 1411 1618 1448 ap-

331 1466 484 1518 pellata.
524 1463 609 1514 Ipse
641 1464 793 1502 interim
822 1463 949 1503 Zamae
981 1463 1161 1513 pecunias
1194 1461 1321 1512 cogit,
1347 1461 1447 1499 cives
1475 1460 1619 1499 Roma-

333 1542 428 1575 noa,
446 1527 510 1577 qui
528 1533 660 1565 contra
683 1524 722 1564 se
750 1534 1037 1574 pugnaverant,
1066 1525 1222 1564 mulciat
1238 1537 1255 1571 :K
1270 1523 1540 1574 provinciaque
1568 1531 1619 1560 ex

333 1604 450 1642 regno
483 1590 584 1629 facta
603 1620 615 1637 ‚
648 1590 700 1638 Q.
725 1587 943 1628 Sallustium
981 1586 1153 1638 Crispum
1184 1586 1410 1638 proconsule
1436 1585 1619 1637 praeficit,

333 1656 394 1708 qui
426 1666 498 1692 tam
524 1653 628 1692 avide
663 1651 806 1690 dicitur
831 1650 996 1703 expilaffi
1022 1651 1267 1702 provinciam,
1303 1661 1340 1687 ut
1371 1651 1434 1687 hoc
1460 1649 1490 1686 ei
1511 1646 1620 1699 fuiffir

335 1717 525 1769 injunfium
561 1730 585 1752 a
623 1716 764 1765 Cctsare·
785 1713 926 1765 quidam
954 1714 1185 1751 crediderint.-
1224 1711 1286 1750 alii
1317 1714 1454 1764 poclum
1480 1724 1553 1747 curn
1581 1720 1620 1746 eo

337 1792 467 1832 magna
485 1779 634 1829 pecunia
660 1774 904 1825 scripserunt,
925 1788 965 1812 ne
983 1775 1123 1826 causam
1142 1775 1275 1812 diceret.
1304 1773 1454 1812 Deinde
1481 1768 1623 1820 regres-

337 1840 398 1880 sus
422 1840 598 1886 Uticam,
622 1838 724 1876 bona
747 1850 898 1884 eorum,
924 1836 986 1886 qui
1012 1835 1081 1875 sub
1103 1835 1283 1885 Scipione
1307 1836 1493 1873 duxerant
1519 1831 1619 1872 ordi-

338 1914 433 1951 nes,
455 1900 642 1940 vendidit.
669 1899 924 1949 Thapsitanos
952 1897 1308 1947 Adrumetanosque
1334 1895 1521 1946 pecunia,
1551 1894 1622 1933 Le-

338 1965 509 2014 ptitanos
532 1964 659 2001 tricies
687 1962 858 2000 centenis
883 1960 1053 2000 millibus
1079 1960 1212 2010 pondo
1243 1958 1317 1996 olei
1336 1960 1375 1996 in
1405 1969 1525 1997 annos
1550 1956 1622 1994 sm·

339 2025 470 2077 gulos,
503 2023 739 2065 Tisdritanos
768 2031 872 2062 certo
893 2022 1076 2062 frumenti
1101 2023 1219 2062 modo
1245 2021 1415 2061 muiCtat.

395 2086 532 2128 LXVI.
570 2087 671 2126 inter
706 2084 788 2125 haec
819 2098 900 2124 rem
928 2084 1086 2124 summae
1126 2083 1450 2129 mansuetudinis,
1480 2081 1543 2120 sed
1583 2082 1620 2120 &

338 2151 552 2203 prudentiae
567 2149 677 2197 facit,
691 2149 907 2188 cremandis
923 2180 933 2197 ‚
948 2162 1030 2199 quae
1047 2159 1204 2199 repertae
1224 2149 1261 2186 in
1277 2147 1414 2186 scrinio
1430 2144 1619 2195 Scipionis

340 2222 468 2262 erant,
487 2214 676 2252 variorum
702 2211 887 2263 epistolis:
913 2212 1005 2250 ficut
1031 2215 1066 2251 62,
1095 2212 1197 2263 apud
1226 2210 1453 2250 Pharsaliam
1483 2220 1618 2254 antea,

345 2280 381 2317 δε
405 2276 499 2316 olim
525 2276 755 2326 pompejus,
773 2273 967 2314 debellato
998 2275 1190 2323 Sertorio,
1214 2273 1362 2312 summa
1387 2283 1473 2310 curn
1501 2270 1622 2309 admi-

393 2405 415 2449 §
441 2400 558 2437 Lxlv'.
581 2405 670 2437 fior.
699 2415 744 2445 4,
765 2415 797 2436 2.
821 2404 966 2448 Eutrop.
1000 2402 1124 2436 Zonar.
1149 2402 1291 2435 Sueton.
1319 2402 1393 2433 Nic.
1422 2400 1620 2435 Damascen-

346 2450 450 2482 0101.
474 2451 598 2483 Austor
622 2451 661 2482 de
679 2451 714 2483 B.
734 2449 838 2482 Afric.
865 2450 1010 2493 Appian.
1031 2449 1103 2481 Val.
1134 2448 1227 2480 Max.
1253 2447 1274 2491 §
1296 2447 1398 2478 LXV.
1420 2447 1506 2478 Flor.
1527 2462 1543 2486 4
1560 2471 1568 2485 ,
1587 2456 1620 2478 2.

353 2495 428 2528 Liv.
441 2497 531 2540 Epir.
547 2495 672 2529 Aufior
692 2498 733 2528 de
751 2496 786 2529 B.
802 2494 908 2528 Afric.
927 2495 1017 2528 Mela
1042 2505 1050 2526 1
1070 2519 1079 2535 ,
1099 2493 1130 2528 6.
1156 2493 1239 2526 Pnn.
1264 2503 1280 2536 3
1295 2517 1304 2534 ,
1322 2503 1353 2536 3.
1377 2493 1520 2535 Appian.
1536 2490 1622 2522 Dio.
