1685 3042
279 219 365 266 192
435 200 536 248 JO.
569 199 1081 245 FREINSHEMII
1115 199 1463 250 SUPPLEM.

277 371 310 411 Ι.
341 328 423 414 IN
437 379 534 409 ITo
562 367 761 408 consulatu
777 398 790 414 ,
817 366 861 408 C.
885 366 1007 407 Caesar
1032 380 1122 407 cum
1148 367 1317 407 reversus
1331 368 1371 408 in
1398 369 1563 417 urbem,

273 430 462 472 sacrifieiis
485 430 617 478 factis,
647 430 848 480 augurium
879 438 1072 479 captaret,
1101 429 1312 468 duodecim
1347 429 1561 471 vulturibus

275 495 389 540 vifis,
428 493 533 543 quod
568 492 769 542 augurium
808 490 976 531 Romulo
1009 503 1151 530 novam
1183 491 1319 530 urbem
1355 492 1560 530 conditur-o

275 553 523 604 conspeerum
558 551 785 598 dicebatur,
821 552 860 588 in
888 550 1158 600 ampliffirnam
1184 551 1291 602 spem
1319 551 1452 591 similis
1485 552 1564 591 for-

275 627 378 655 tunae
401 617 547 653 erectus
575 613 639 652 est.
666 611 850 651 militibus
869 613 1010 650 deinde
1035 613 1216 662 pecunias
1244 613 1458 662 distribuit,
1475 614 1559 667 suis

274 693 320 716 ex
337 676 575 730 facultatibus
602 676 686 711 dare
719 673 895 711 dictitans
913 702 924 721 ‚
960 684 1049 711 cum
1079 674 1120 710 in
1151 686 1269 712 manu
1301 673 1462 713 haberet
1491 686 1563 723 pu·

275 739 411 779 blicas.
446 736 581 775 iisdem
614 735 751 785 gratias
786 735 875 785 egit.
905 736 986 785 egit
1009 737 1044 774 ὃς
1075 735 1246 782 senatui3
1281 735 1347 774 sed
1378 735 1564 776 militibus

280 815 326 840 ex
361 800 490 838 animo
524 798 658 847 magis.
688 797 840 836 Horum
864 798 969 835 enim
1002 811 1077 847 ope
1107 796 1146 836 se
1178 796 1323 835 sciebat
1361 797 1564 846 adjutum;

275 864 472 907 senatum,
498 860 604 908 quod
633 858 801 906 fecisset,
827 869 934 897 metu
964 858 1103 899 fecisse.
1142 859 1212 898 Par
1237 859 1343 909 apud
1371 859 1498 899 Patres
1517 859 1562 898 fi-

276 925 461 970 mulatio,
492 922 557 972 qui
588 923 623 961 6»
655 924 725 960 haec
749 923 841 961 ultro
863 922 1013 974 tribuiffi
1046 924 1175 976 Caesarz'
1201 922 1496 974 praedicabant,
1524 923 1562 963 6·

274 989 407 1039 reliqua
430 984 724 1024 accumulaturos.

329 1050 378 1090 ΙΙ.
413 1048 562 1088 Idcirco
593 1060 708 1097 quem
733 1045 849 1097 paulo
883 1056 972 1085 ante
997 1046 1199 1087 consulatu
1223 1048 1489 1096 judicaverant
1508 1048 1565 1088 in·
1590 1052 1603 1061 ⁶

275 1118 436 1166 dignum
455 1144 466 1161 ‚
496 1112 530 1151 ei
561 1112 838 1158 decreverunt,
864 1123 903 1149 ut
929 1112 1035 1149 etiam
1061 1114 1183 1152 exaffo
1204 1112 1432 1164 magistratu,
1457 1114 1565 1151 donec

275 1180 374 1233 apud
396 1176 584 1215 exercitum
610 1175 714 1228 effer,
739 1175 896 1227 confides
918 1176 1046 1212 lzonore
1076 1175 1246 1212 anteiret:
1272 1174 1419 1223 judicia
1443 1174 1562 1225 paulo

277 1251 367 1280 ante
399 1242 435 1280 ὃς
461 1251 596 1289 poenas
626 1238 854 1276 comminati
886 1237 937 1276 ob
966 1239 1098 1287 copias
1123 1237 1269 1287 privato
1296 1237 1451 1276 confilio
1473 1251 1565 1276 con-

275 1306 435 1351 traditis,
467 1310 572 1339 nunc
596 1299 630 1337 ὁ)
655 1301 751 1338 alias
776 1299 917 1351 allegere
942 1298 1151 1347 jusserunt:
1185 1300 1220 1338 &
1249 1298 1355 1338 sicuti
1381 1300 1496 1340 Bruto
1519 1301 1561 1340 in

278 1365 714 1415 Caefarisignominiam
743 1363 890 1402 bellum
915 1362 1178 1402 Antonianum
1205 1363 1478 1413 decreverant,
1506 1364 1561 1403 ita

276 1441 381 1469 nunc
406 1426 538 1467 Caesari
574 1426 728 1479 legiones
760 1427 862 1465 etiam
895 1426 1000 1463 Bruti
1037 1425 1273 1473 adjecerunt.
1306 1425 1497 1465 Postremo
1526 1429 1564 1466 ἀ

277 1506 367 1533 cura
392 1491 493 1529 urbis
528 1487 728 1538 permissa,
760 1487 987 1537 potestatem
1017 1487 1208 1534 dederunt
1230 1489 1358 1540 agendi
1377 1503 1443 1541 pro
1473 1489 1565 1528 arbi.

274 1555 363 1600 trio,
388 1553 492 1590 etiam
515 1562 638 1601 praeter
660 1549 773 1599 leges,
800 1549 931 1585 omnia.

331 1613 402 1654 Ill.
418 1613 595 1653 Ceterum
615 1609 735 1649 Caesar
755 1608 839 1659 post
862 1608 964 1647 sacra
988 1611 1141 1659 peraeta
1156 1641 1166 1657 ,
1187 1610 1440 1661 adoptionem
1457 1611 1564 1652 suam

279 1678 423 1719 curiata
440 1675 525 1726 lege
549 1673 803 1712 confirmavit.
827 1672 926 1711 Mox
945 1671 1018 1711 alia
1036 1672 1234 1723 rogatione
1248 1672 1488 1713 Dolabellam
1501 1667 1566 1713 ab-

275 1739 402 1785 solvit,
417 1738 482 1787 qui
499 1735 692 1785 judicatus
708 1734 823 1773 hostis
848 1733 996 1781 fuerat3
1015 1736 1066 1782 Sc,
1083 1743 1288 1785 praeparata
1312 1736 1477 1785 primum
1495 1735 1567 1774 lar-

277 1802 488 1855 gitionibus
507 1797 640 1849 populi
660 1797 801 1848 gratia,
817 1795 1020 1845 solutoque
1041 1795 1210 1844 residuo,
1228 1797 1332 1846 quod
1354 1796 1566 1836 debebatur

277 1881 328 1908 cx
353 1865 579 1905 testamento
609 1860 785 1906 Caesaris,
819 1859 941 1910 legem
967 1860 1053 1898 tulit
1076 1863 1117 1898 de
1140 1861 1317 1912 quaestione
1341 1862 1501 1900 habenda
1528 1863 1566 1898 in

276 1946 334 1970 eos
348 1960 360 1976 ,
384 1942 526 1981 quorum
538 1926 663 1978 scelere
683 1938 783 1976 pater
806 1925 941 1977 occisus
967 1925 1070 1978 estet:
1091 1936 1205 1974 quam
1235 1924 1284 1963 de
1308 1925 1469 1963 nomine
1484 1924 1568 1964 col.

277 1990 370 2041 legce
402 1990 551 2027 Pediam
581 1985 715 2024 maluit
743 1984 939 2035 appellari.

331 2052 395 2092 lv.
426 2052 508 2090 Hac
543 2048 721 2099 postulati
754 2047 842 2086 sunt
878 2060 957 2086 non
992 2045 1224 2097 percussores
1252 2046 1397 2091 modo,
1435 2045 1499 2086 sed
1525 2049 1563 2087 S:

280 2111 345 2163 qui
378 2110 518 2149 conscii
554 2108 664 2148 fuiss'e
691 2107 935 2147 confiliorum
970 2108 1210 2154 dicerentur,
1249 2106 1421 2146 absentes
1452 2106 1566 2157 pleri-

279 2188 374 2227 que:
400 2172 578 2211 nonnulli
607 2174 642 2211 &
669 2171 861 2217 insontes,
901 2173 964 2221 qui
996 2182 1067 2208 nec
1095 2169 1258 2210 insidiati
1292 2169 1449 2216 Caesari,
1492 2182 1563 2208 nec

280 2238 442 2276 omnino
482 2249 527 2274 eo
561 2245 735 2284 tempore
774 2232 905 2272 versati
947 2233 1078 2274 Romae
1109 2231 1274 2272 fuerant.
1313 2233 1396 2272 Hac
1431 2232 1564 2271 fraude

282 2299 472 2351 praecipue
513 2299 596 2338 Sex.
631 2297 836 2347 Pompeius
877 2297 1101 2347 petebatur,
1145 2295 1220 2334 hoc
1259 2296 1420 2335 crimine
1457 2296 1563 2335 haud

282 2361 399 2401 dubie
434 2360 644 2405 innoxius,
672 2359 739 2398 sed
768 2371 882 2409 quem
920 2359 1093 2410 quolibet
1123 2368 1311 2409 praetextu
1335 2359 1418 2397 tolli
1445 2357 1564 2406 Julia-

327 2480 347 2511 Ε
375 2479 400 2512 I.
429 2479 571 2519 Appian.
596 2470 739 2512 Suetonss
765 2480 798 2511 in
830 2480 915 2522 Aug.
942 2491 970 2512 c.
1006 2482 1040 2507 *13
1077 2477 1111 2510 &
1142 2490 1193 2509 ικ.
1223 2476 1288 2510 Jul.
1319 2477 1444 2520 Obseq.
1476 2476 1560 2509 Dio.

281 2525 303 2565 ς
331 2524 372 2558 ll.
396 2525 542 2567 Appian.
562 2523 641 2557 Dio.
669 2525 690 2570 §
717 2525 774 2559 111.
794 2525 938 2568 Appiam.
962 2525 1045 2559 Dio.
1068 2523 1143 2557 le.
1166 2523 1257 2569 Epit.
1283 2522 1403 2566 Vellej.
1419 2524 1562 2559 sueton.
