1685 3042
283 226 369 277 118
444 224 1464 274 JO.FRE1NSHEM118UPPLEM.

276 331 504 388 praesentans
538 331 670 381 iisdem
695 331 816 379 locis,
849 331 986 382 quibus
1015 330 1230 383 percussum
1257 343 1395 383 eorpus
1420 332 1562 372 fuerat:

333 393 470 435 CVIII.
499 394 557 443 Ibi
587 407 677 433 vero
712 407 826 432 nemo
854 393 892 432 se
919 395 1112 434 continuit
1141 392 1318 443 amplius.
1357 406 1441 444 pars
1467 406 1558 436 eum

278 459 320 499 in
354 457 563 508 Capitolini
601 457 706 507 Jovis
743 456 839 497 cella
875 468 1044 496 cremare
1075 457 1316 504 destinabam
1355 455 1417 495 alii
1454 456 1559 495 faces

276 517 506 569 ingerebant
529 519 668 567 curiae,
692 519 729 556 in
759 531 833 569 qua
857 517 1004 557 occisus
1032 518 1178 564 fuerat,
1200 530 1246 556 eo
1273 529 1410 567 corpus
1433 516 1561 555 illatu-

278 580 336 628 τίς
362 580 427 619 nisi
456 589 559 620 metu
576 611 587 627 .,
606 593 654 618 ne
676 593 750 618 una
772 579 964 619 theatrum
991 582 1026 620 &
1050 579 1194 629 templa
1219 580 1418 626 arderent,
1440 577 1560 617 sac-er<

281 643 392 682 dotes
415 642 715 694 prohibuiffent:
742 655 832 683 cum
858 651 1016 692 repente
1041 643 1119 682 duo
1144 642 1299 693 quidam
1324 641 1457 692 gladiis
1480 639 1561 679 suce

282 704 494 755 cinc'ti,'ac
529 705 619 746 bina
649 703 775 755 jacula
809 704 994 755 gestantes
1028 704 1307 744 succenderunt
1339 703 1482 744 lectum
1521 703 1562 742 in

279 769 395 817 foro,
427 769 494 808 ubi
527 771 629 820 regia
668 770 865 819 quondam
907 769 1041 808 fuerat.
1088 769 1363 817 confestimque
1394 770 1563 807 circum·

279 828 460 868 stantium
487 829 594 868 turba
628 842 716 869 cum
742 829 923 869 subselliis
949 827 1153 868 tribunalia
1170 859 1180 875 ‚
1204 829 1423 879 mensasque
1450 841 1562 866 num-

281 890 531 932 mulariorum
548 920 558 937 ‚
581 893 617 930 &
642 891 828 940 quidquid
855 890 1045 941 lignorum
1074 890 1114 928 in
1138 890 1221 929 foro
1243 899 1346 937 erat,
1374 902 1460 929 cum
1481 889 1561 940 ipsa

281 954 425 994 funeris
439 966 582 1004 pompa
599 954 786 1004 donisque
802 956 1052 1003 conjecerunt
1072 955 1111 993 in
1122 967 1258 1004 «rogum
1280 968 1288 994 ς
1306 953 1444 992 deinde
1460 952 1562 992 tubi«,

281 1015 387 1054 eines
409 1017 444 1054 ὃ(
459 1013 596 1053 scenici
614 1014 775 1054 artifices
792 1015 946 1062 vestem,
965 1006 1080 1065 quam
1095 1029 1141 1055 ex
1159 1016 1407 1055 instrumento
1432 1014 1564 1054 trium-2

279 1075 387 1129 phali
415 1075 556 1115 funeris
577 1077 860 1116 condecorandi
884 1077 994 1117 eausa
1020 1088 1218 1129 acceptam
1235 1079 1439 1117 induerant
1457 1108 1468 1125 ,
1494 1077 1563 1116 sci-

281 1140 445 1186 derunt,
468 1141 759 1190 injeceruntque
788 1141 980 1189 flammae3
1011 1144 1045 1181 ἀ
1071 1142 1238 1180 veterani
1269 1154 1395 1187 arma,
1423 1140 1562 1191 quibus

283 1201 428 1241 exculti
459 1200 705 1240 celebrabant
739 1201 874 1247 sunm,
905 1202 1080 1242 nonnulli
1109 1213 1269 1241 coronas
1293 1201 1407 1240 etiam
1432 1203 1467 1241 &
1497 1201 1566 1239 do-

280 1279 332 1305 na
359 1263 561 1312 militaria3
595 1274 778 1303 matronae
805 1263 957 1314 insuper
989 1264 1177 1315 pleraeque
1214 1272 1440 1303 ornamenta
1473 1262 1564 1311 sua,

281 1340 364 1378 quae
387 1325 589 1377 gerebant,
619 1327 654 1365 ἃ
679 1325 887 1365 liberorum
914 1325 1037 1365 bullas
1068 1339 1179 1376 atque
1200 1334 1414 1376 praetextas.

300 1382 303 1385 ⁵
339 1387 445 1433 CIX.
477 1388 561 1427 Hac
587 1387 744 1426 flamma
776 1387 913 1426 domus
945 1387 981 1427 L.
1006 1387 1155 1427 Billieni
1185 1387 1428 1434 deflagravit:
1467 1384 1566 1424 mul-

281 1457 399 1500 taque
437 1451 471 1490 δι
505 1449 578 1488 alia
609 1450 734 1487 vicina
771 1449 856 1488 foro
891 1449 1048 1488 aedificia
1075 1448 1312 1500 corripuisset
1345 1448 1469 1498 ignis,
1500 1447 1566 1489 nifi

283 1510 429 1552 milites
453 1509 685 1555 restitissent,
704 1509 982 1559 consulumque
1004 1510 1102 1558 jussu
1125 1511 1280 1559 quidam
1300 1510 1564 1559 perditorum,

282 1576 349 1625 qui
382 1573 474 1613 dolo
505 1573 695 1623 augebant
722 1572 971 1618 incendium,
1006 1573 1054 1611 de
1079 1585 1171 1623 rupe
1203 1573 1367 1622 Tarpeja
1395 1571 1566 1621 praecipi-

285 1633 359 1678 tati,
377 1632 507 1672 effent.
532 1633 615 1674 Nec
639 1632 726 1671 ideo
752 1632 876 1669 minus
901 1631 1008 1682 plebs
1025 1632 1223 1672 accensise
1242 1645 1336 1681 rogo
1352 1631 1499 1670 facibus
1513 1631 1563 1670 ad

284 1696 446 1737 domum
466 1694 671 1735 Brutorum
695 1696 729 1734 ἃ
752 1693 862 1733 Caffii
877 1725 886 1741 ‚
903 1702 1195 1744 ceterorumque
1222 1693 1408 1741 cucurrit,
1424 1690 1564 1742 easque

283 1759 521 1809 oppugnavit
535 1789 547 1806 ,
563 1759 597 1797 Sc
615 1758 675 1804 ,vi
697 1759 837 1806 rejeeta
853 1787 863 1805 ‚
884 1757 1055 1796 minitata
1073 1759 1123 1796 est
1140 1758 1316 1806 postridie
1339 1769 1427 1797 eum
1450 1756 1565 1794 armis

285 1820 415 1865 affore.
449 1821 513 1860 Sic
546 1819 709 1859 saevienti
741 1820 837 1858 forte
867 1819 902 1859 se
934 1819 1092 1860 Helvius
1119 1821 1239 1859 Cinna
1275 1820 1360 1859 tulit
1385 1819 1564 1865 obviam,

283 1893 501 1928 extremum
530 1882 699 1922 officium
728 1881 987 1931 persoluturus
1014 1882 1159 1928 amico,
1188 1894 1301 1932 quem
1329 1881 1383 1920 uri
1412 1881 1449 1919 in
1476 1880 1563 1919 foro

285 1945 486 1986 audiverat
501 1974 511 1991 ‚
529 1956 763 1994 quamquam
778 1942 997 1982 valetudine
1020 1943 1171 1982 infirma
1189 1973 1199 1989 ,
1223 1944 1258 1982 ὁὶ
1279 1943 1462 1992 proximae
1490 1953 1562 1979 no-

285 2009 357 2049 dtis
379 2008 459 2047 dira
485 2008 611 2057 quiete
639 2007 802 2045 territus.
847 2006 957 2045 Visus
987 2016 1066 2045 erat
1098 2004 1244 2044 invitari
1268 2017 1288 2043 a
1315 2003 1478 2049 Caesare,
1499 2003 1560 2049 Sc,

285 2084 374 2112 cum
408 2078 607 2117 renueret,
637 2079 784 2120 arrepta
811 2083 926 2109 manu
954 2070 1063 2109 trahi.
1100 2070 1187 2110 Erat
1208 2068 1416 2107 multitudo
1441 2065 1565 2105 infen-

285 2133 420 2176 fissima
450 2132 582 2178 Cinnae
609 2132 817 2182 Cornelio,
839 2133 901 2184 qui
926 2145 1045 2183 nuper
1077 2134 1241 2183 graviter
1270 2139 1349 2169 erat
1381 2132 1421 2169 in
1445 2129 1564 2169 Caesa-

284 2209 366 2239 rem
397 2196 659 2234 concionatus.

339 2257 421 2298 CX.
452 2256 570 2306 Igitur
595 2256 749 2303 audito,
769 2257 912 2295 &innam
933 2256 1064 2307 adeffe,
1085 2262 1193 2294 tanto
1216 2252 1342 2292 furore
1367 2252 1560 2291 concitata

285 2320 338 2359 est
352 2350 364 2368 ,
387 2329 430 2358 ut
449 2318 580 2360 Frustra
610 2318 808 2357 testantem
822 2351 835 2366 ,
850 2319 918 2370 fibi
945 2318 1034 2357 nihil
1051 2331 1220 2356 commune
1240 2331 1314 2353 cum
1338 2315 1400 2353 illo
1414 2345 1425 2362 ,
1442 2327 1563 2365 praeter

282 2396 491 2434 cognomen,
510 2380 595 2433 ff,
619 2380 786 2419 ferarum
816 2392 920 2418 more
945 2379 1194 2430 discerperet,
1221 2388 1412 2429 caputque
1437 2376 1555 2427 praefi-
1599 2423 1601 2425 Ι

329 2502 351 2542 §
378 2500 499 2534 cvm.
523 2500 663 2533 Sueton.
688 2501 769 2534 Dio.
790 2501 936 2545 Appian.
962 2499 1071 2536 Tacit.
1095 2498 1181 2532 Plut.
1212 2498 1233 2544 §
1257 2497 1345 2534 ClX.
1372 2497 1441 2535 Cic·
1473 2496 1560 2535 Phil,

277 2561 294 2586 3
312 2574 322 2592 ,
349 2554 402 2591 30.
425 2546 506 2585 Dio.
531 2547 671 2586 Sueten.
699 2545 789 2583 I'lut.
1222 2546 1225 2549 ’
