<?xml version="1.0" encoding="UTF-8"?>
<!DOCTYPE html PUBLIC "-//W3C//DTD XHTML 1.0 Transitional//EN"
    "http://www.w3.org/TR/xhtml1/DTD/xhtml1-transitional.dtd">
<html xmlns="http://www.w3.org/1999/xhtml" xml:lang="en" lang="en">
 <head>
  <title>
</title>
<meta http-equiv="Content-Type" content="text/html;charset=utf-8" />
  <meta name='ocr-system' content='tesseract 3.04.00' />
  <meta name='ocr-capabilities' content='ocr_page ocr_carea ocr_par ocr_line ocrx_word'/>
</head>
<body>
  <div class='ocr_page' id='page_1' title='image "./historiarumlibri11livyuoft_0038.png"; bbox 0 0 1685 3042; ppageno 0'>
   <div class='ocr_carea' id='block_1_1' title="bbox 342 205 1538 268">
    <p class='ocr_par' dir='ltr' id='par_1_1' title="bbox 342 205 1538 268">
     <span class='ocr_line' id='line_1_1' title="bbox 342 205 1538 268; baseline 0.003 -15"><span class='ocrx_word' id='word_1_1' title='bbox 342 219 405 268; x_wconf 80' lang='lat'>30</span> <span class='ocrx_word' id='word_1_2' title='bbox 491 205 585 250; x_wconf 85' lang='lat' dir='ltr'><strong>JO.</strong></span> <span class='ocrx_word' id='word_1_3' title='bbox 624 206 1126 253; x_wconf 80' lang='lat' dir='ltr'>FREINSHEMII</span> <span class='ocrx_word' id='word_1_4' title='bbox 1155 209 1538 256; x_wconf 79' lang='lat' dir='ltr'><strong>SUPPLEM.</strong></span> 
     </span>
    </p>
   </div>
   <div class='ocr_carea' id='block_1_2' title="bbox 342 311 1629 365">
    <p class='ocr_par' dir='ltr' id='par_1_2' title="bbox 342 311 1629 365">
     <span class='ocr_line' id='line_1_2' title="bbox 342 311 1629 365; baseline 0.003 -13"><span class='ocrx_word' id='word_1_5' title='bbox 342 324 389 352; x_wconf 77' lang='lat' dir='ltr'>ut</span> <span class='ocrx_word' id='word_1_6' title='bbox 414 311 730 362; x_wconf 82' lang='lat' dir='ltr'>populares·suos</span> <span class='ocrx_word' id='word_1_7' title='bbox 756 314 803 353; x_wconf 87' lang='lat' dir='ltr'>ab</span> <span class='ocrx_word' id='word_1_8' title='bbox 832 314 1017 365; x_wconf 87' lang='lat' dir='ltr'>obsequio</span> <span class='ocrx_word' id='word_1_9' title='bbox 1047 315 1211 355; x_wconf 86' lang='lat' dir='ltr'>hostium</span> <span class='ocrx_word' id='word_1_10' title='bbox 1241 316 1288 354; x_wconf 85' lang='lat' dir='ltr'>ad</span> <span class='ocrx_word' id='word_1_11' title='bbox 1320 317 1465 356; x_wconf 88' lang='lat' dir='ltr'>amicos</span> <span class='ocrx_word' id='word_1_12' title='bbox 1493 312 1629 357; x_wconf 60' lang='lat' dir='ltr'>socios.</span> 
     </span>
    </p>
   </div>
   <div class='ocr_carea' id='block_1_3' title="bbox 342 374 1633 490">
    <p class='ocr_par' dir='ltr' id='par_1_3' title="bbox 342 374 1633 490">
     <span class='ocr_line' id='line_1_3' title="bbox 343 374 1631 428; baseline 0.007 -17"><span class='ocrx_word' id='word_1_13' title='bbox 343 388 421 425; x_wconf 91' lang='lat' dir='ltr'>que</span> <span class='ocrx_word' id='word_1_14' title='bbox 454 374 748 416; x_wconf 82' lang='lat' dir='ltr'>transducerent.</span> <span class='ocrx_word' id='word_1_15' title='bbox 792 377 949 418; x_wconf 83' lang='lat' dir='ltr'>Interim</span> <span class='ocrx_word' id='word_1_16' title='bbox 975 380 1011 418; x_wconf 68' lang='grc' dir='ltr'>ὃς</span> <span class='ocrx_word' id='word_1_17' title='bbox 1036 379 1162 428; x_wconf 80' lang='lat' dir='ltr'>Leptis</span> <span class='ocrx_word' id='word_1_18' title='bbox 1185 392 1206 418; x_wconf 87' lang='lat' dir='ltr'>a</span> <span class='ocrx_word' id='word_1_19' title='bbox 1227 379 1380 419; x_wconf 79' lang='lat' dir='ltr'>Saserna</span> <span class='ocrx_word' id='word_1_20' title='bbox 1405 389 1536 419; x_wconf 85' lang='lat' dir='ltr'>contra</span> <span class='ocrx_word' id='word_1_21' title='bbox 1559 381 1631 420; x_wconf 85' lang='lat' dir='ltr'>La-</span> 
     </span>
     <span class='ocr_line' id='line_1_4' title="bbox 342 433 1633 490; baseline 0.003 -16"><span class='ocrx_word' id='word_1_22' title='bbox 342 433 506 474; x_wconf 83' lang='lat' dir='ltr'>bienum</span> <span class='ocrx_word' id='word_1_23' title='bbox 533 434 686 474; x_wconf 84' lang='lat' dir='ltr'>defensa</span> <span class='ocrx_word' id='word_1_24' title='bbox 717 436 794 485; x_wconf 83' lang='lat' dir='ltr'>est3</span> <span class='ocrx_word' id='word_1_25' title='bbox 822 437 1007 485; x_wconf 80' lang='lat' dir='ltr'>Aciliani,</span> <span class='ocrx_word' id='word_1_26' title='bbox 1037 438 1184 490; x_wconf 83' lang='lat' dir='ltr'>(libera</span> <span class='ocrx_word' id='word_1_27' title='bbox 1219 439 1351 478; x_wconf 82' lang='lat' dir='ltr'>civitas</span> <span class='ocrx_word' id='word_1_28' title='bbox 1385 448 1488 487; x_wconf 82' lang='lat' dir='ltr'>erat,</span> <span class='ocrx_word' id='word_1_29' title='bbox 1520 437 1633 480; x_wconf 61' lang='lat' dir='ltr'>Meli⁴</span> 
     </span>
    </p>
   </div>
   <div class='ocr_carea' id='block_1_4' title="bbox 341 496 1649 2417">
    <p class='ocr_par' dir='ltr' id='par_1_4' title="bbox 341 496 1640 1221">
     <span class='ocr_line' id='line_1_5' title="bbox 341 496 1628 551; baseline 0.004 -15"><span class='ocrx_word' id='word_1_30' title='bbox 341 497 507 536; x_wconf 80' lang='lat' dir='ltr'>tenfium</span> <span class='ocrx_word' id='word_1_31' title='bbox 544 496 723 547; x_wconf 85' lang='lat' dir='ltr'>colonia)</span> <span class='ocrx_word' id='word_1_32' title='bbox 745 511 902 548; x_wconf 84' lang='lat' dir='ltr'>recepto</span> <span class='ocrx_word' id='word_1_33' title='bbox 932 499 1084 539; x_wconf 78' lang='lat' dir='ltr'>Caesaris</span> <span class='ocrx_word' id='word_1_34' title='bbox 1111 500 1302 550; x_wconf 85' lang='lat' dir='ltr'>praefidio,</span> <span class='ocrx_word' id='word_1_35' title='bbox 1333 502 1436 551; x_wconf 84' lang='lat' dir='ltr'>quod</span> <span class='ocrx_word' id='word_1_36' title='bbox 1464 502 1505 540; x_wconf 93' lang='lat' dir='ltr'>C.</span> <span class='ocrx_word' id='word_1_37' title='bbox 1527 501 1628 541; x_wconf 81' lang='lat' dir='ltr'>Mes—</span> 
     </span>
     <span class='ocr_line' id='line_1_6' title="bbox 343 558 1633 614; baseline 0.004 -16"><span class='ocrx_word' id='word_1_38' title='bbox 343 558 419 598; x_wconf 72' lang='lat' dir='ltr'>slus</span> <span class='ocrx_word' id='word_1_39' title='bbox 453 558 632 599; x_wconf 82' lang='lat' dir='ltr'>aedilitius</span> <span class='ocrx_word' id='word_1_40' title='bbox 668 561 903 609; x_wconf 78' lang='lat' dir='ltr'>introduxit,</span> <span class='ocrx_word' id='word_1_41' title='bbox 931 562 1112 601; x_wconf 80' lang='lat' dir='ltr'>Considio</span> <span class='ocrx_word' id='word_1_42' title='bbox 1134 563 1266 614; x_wconf 85' lang='lat' dir='ltr'>Longo</span> <span class='ocrx_word' id='word_1_43' title='bbox 1293 576 1381 603; x_wconf 90' lang='lat' dir='ltr'>cum</span> <span class='ocrx_word' id='word_1_44' title='bbox 1409 564 1633 603; x_wconf 77' lang='lat' dir='ltr'>cohortibus</span> 
     </span>
     <span class='ocr_line' id='line_1_7' title="bbox 345 622 1634 677; baseline 0.003 -16"><span class='ocrx_word' id='word_1_45' title='bbox 345 624 437 662; x_wconf 63' lang='lat' dir='ltr'>neto</span> <span class='ocrx_word' id='word_1_46' title='bbox 477 623 664 661; x_wconf 87' lang='lat' dir='ltr'>venienti</span> <span class='ocrx_word' id='word_1_47' title='bbox 687 622 903 663; x_wconf 86' lang='lat' dir='ltr'>clauserunt</span> <span class='ocrx_word' id='word_1_48' title='bbox 945 634 1098 675; x_wconf 83' lang='lat' dir='ltr'>portas,</span> <span class='ocrx_word' id='word_1_49' title='bbox 1138 627 1468 677; x_wconf 79' lang='lat' dir='ltr'>Adrumetumque</span> <span class='ocrx_word' id='word_1_50' title='bbox 1508 628 1634 665; x_wconf 85' lang='lat' dir='ltr'>redire</span> 
     </span>
     <span class='ocr_line' id='line_1_8' title="bbox 344 683 1635 739; baseline 0.004 -17"><span class='ocrx_word' id='word_1_51' title='bbox 344 683 454 723; x_wconf 78' lang='lat' dir='ltr'>nulla</span> <span class='ocrx_word' id='word_1_52' title='bbox 488 697 528 722; x_wconf 90' lang='lat' dir='ltr'>re</span> <span class='ocrx_word' id='word_1_53' title='bbox 555 684 654 735; x_wconf 85' lang='lat' dir='ltr'>gesta</span> <span class='ocrx_word' id='word_1_54' title='bbox 689 694 920 734; x_wconf 83' lang='lat' dir='ltr'>coegerunt:</span> <span class='ocrx_word' id='word_1_55' title='bbox 952 688 987 725; x_wconf 71' lang='lat' dir='ltr'>&lt;Sc</span> <span class='ocrx_word' id='word_1_56' title='bbox 1017 685 1064 724; x_wconf 89' lang='lat' dir='ltr'>ab</span> <span class='ocrx_word' id='word_1_57' title='bbox 1094 687 1232 725; x_wconf 84' lang='lat' dir='ltr'>eodem</span> <span class='ocrx_word' id='word_1_58' title='bbox 1267 687 1381 737; x_wconf 81' lang='lat' dir='ltr'>paulo</span> <span class='ocrx_word' id='word_1_59' title='bbox 1412 689 1516 739; x_wconf 79' lang='lat' dir='ltr'>post,</span> <span class='ocrx_word' id='word_1_60' title='bbox 1543 701 1635 727; x_wconf 88' lang='lat' dir='ltr'>cum</span> 
     </span>
     <span class='ocr_line' id='line_1_9' title="bbox 349 746 1637 798; baseline 0.002 -12"><span class='ocrx_word' id='word_1_61' title='bbox 349 746 510 786; x_wconf 77' lang='lat' dir='ltr'>Labieni</span> <span class='ocrx_word' id='word_1_62' title='bbox 539 746 732 794; x_wconf 84' lang='lat' dir='ltr'>equitibus</span> <span class='ocrx_word' id='word_1_63' title='bbox 758 746 944 796; x_wconf 81' lang='lat' dir='ltr'>regreflo,</span> <span class='ocrx_word' id='word_1_64' title='bbox 977 746 1110 786; x_wconf 77' lang='lat' dir='ltr'>obsessi</span> <span class='ocrx_word' id='word_1_65' title='bbox 1143 750 1429 798; x_wconf 85' lang='lat' dir='ltr'>oppugnatique</span> <span class='ocrx_word' id='word_1_66' title='bbox 1454 749 1551 788; x_wconf 87' lang='lat' dir='ltr'>sunt.</span> <span class='ocrx_word' id='word_1_67' title='bbox 1587 751 1637 789; x_wconf 77' lang='lat' dir='ltr'>Ar.</span> 
     </span>
     <span class='ocr_line' id='line_1_10' title="bbox 350 807 1635 858; baseline 0.002 -12"><span class='ocrx_word' id='word_1_68' title='bbox 350 808 395 847; x_wconf 90' lang='lat' dir='ltr'>C.</span> <span class='ocrx_word' id='word_1_69' title='bbox 418 807 611 847; x_wconf 79' lang='lat' dir='ltr'>Sallustius</span> <span class='ocrx_word' id='word_1_70' title='bbox 645 807 832 846; x_wconf 81' lang='lat' dir='ltr'>desertam</span> <span class='ocrx_word' id='word_1_71' title='bbox 861 808 954 857; x_wconf 82' lang='lat' dir='ltr'>fuga</span> <span class='ocrx_word' id='word_1_72' title='bbox 988 807 1031 846; x_wconf 89' lang='lat' dir='ltr'>C.</span> <span class='ocrx_word' id='word_1_73' title='bbox 1057 808 1220 846; x_wconf 85' lang='lat' dir='ltr'><strong>Decimii</strong></span> <span class='ocrx_word' id='word_1_74' title='bbox 1263 810 1448 858; x_wconf 86' lang='lat' dir='ltr'>quaestorii</span> <span class='ocrx_word' id='word_1_75' title='bbox 1481 811 1635 849; x_wconf 84' lang='lat' dir='ltr'>Cercin-</span> 
     </span>
     <span class='ocr_line' id='line_1_11' title="bbox 346 869 1638 919; baseline 0.001 -9"><span class='ocrx_word' id='word_1_76' title='bbox 346 883 440 910; x_wconf 78' lang='lat' dir='ltr'>:nam</span> <span class='ocrx_word' id='word_1_77' title='bbox 483 869 672 919; x_wconf 78' lang='lat' dir='ltr'>adeptus,</span> <span class='ocrx_word' id='word_1_78' title='bbox 700 882 884 919; x_wconf 83' lang='lat' dir='ltr'>magnum</span> <span class='ocrx_word' id='word_1_79' title='bbox 910 870 1091 907; x_wconf 85' lang='lat' dir='ltr'>frumenti</span> <span class='ocrx_word' id='word_1_80' title='bbox 1116 883 1320 909; x_wconf 80' lang='lat' dir='ltr'>numerum</span> <span class='ocrx_word' id='word_1_81' title='bbox 1349 872 1390 909; x_wconf 91' lang='lat' dir='ltr'>in</span> <span class='ocrx_word' id='word_1_82' title='bbox 1418 872 1534 911; x_wconf 83' lang='lat' dir='ltr'>castra</span> <span class='ocrx_word' id='word_1_83' title='bbox 1558 873 1638 910; x_wconf 81' lang='lat' dir='ltr'>Cae-</span> 
     </span>
     <span class='ocr_line' id='line_1_12' title="bbox 346 930 1636 984; baseline 0.002 -15"><span class='ocrx_word' id='word_1_84' title='bbox 346 932 439 970; x_wconf 76' lang='lat' dir='ltr'>saris</span> <span class='ocrx_word' id='word_1_85' title='bbox 474 930 596 969; x_wconf 82' lang='lat' dir='ltr'>mifit:</span> <span class='ocrx_word' id='word_1_86' title='bbox 624 933 659 970; x_wconf 84' lang='lat'>&amp;</span> <span class='ocrx_word' id='word_1_87' title='bbox 683 930 753 970; x_wconf 84' lang='lat' dir='ltr'>sub</span> <span class='ocrx_word' id='word_1_88' title='bbox 780 933 886 970; x_wconf 87' lang='lat' dir='ltr'>idem</span> <span class='ocrx_word' id='word_1_89' title='bbox 910 933 1031 971; x_wconf 87' lang='lat' dir='ltr'>ferme</span> <span class='ocrx_word' id='word_1_90' title='bbox 1057 941 1206 983; x_wconf 88' lang='lat' dir='ltr'>tempus</span> <span class='ocrx_word' id='word_1_91' title='bbox 1227 932 1327 984; x_wconf 86' lang='lat' dir='ltr'>legio</span> <span class='ocrx_word' id='word_1_92' title='bbox 1344 934 1443 974; x_wconf 86' lang='lat' dir='ltr'>XIII</span> <span class='ocrx_word' id='word_1_93' title='bbox 1468 936 1502 974; x_wconf 65' lang='grc' dir='ltr'>ἃ</span> <span class='ocrx_word' id='word_1_94' title='bbox 1519 934 1636 982; x_wconf 84' lang='lat' dir='ltr'>XIV,</span> 
     </span>
     <span class='ocr_line' id='line_1_13' title="bbox 351 991 1638 1043; baseline 0.003 -14"><span class='ocrx_word' id='word_1_95' title='bbox 351 1004 446 1041; x_wconf 80' lang='lat' dir='ltr'>quas</span> <span class='ocrx_word' id='word_1_96' title='bbox 479 994 521 1031; x_wconf 84' lang='lat' dir='ltr'><strong>A.</strong></span> <span class='ocrx_word' id='word_1_97' title='bbox 550 991 720 1030; x_wconf 85' lang='lat' dir='ltr'>Allienus</span> <span class='ocrx_word' id='word_1_98' title='bbox 748 991 978 1042; x_wconf 74' lang='lat' dir='ltr'>proconsule</span> <span class='ocrx_word' id='word_1_99' title='bbox 1014 1005 1104 1031; x_wconf 89' lang='lat' dir='ltr'>cum</span> <span class='ocrx_word' id='word_1_100' title='bbox 1137 993 1327 1043; x_wconf 86' lang='lat' dir='ltr'>equitibus</span> <span class='ocrx_word' id='word_1_101' title='bbox 1364 994 1483 1034; x_wconf 82' lang='lat' dir='ltr'>Gallis</span> <span class='ocrx_word' id='word_1_102' title='bbox 1516 995 1638 1033; x_wconf 43' lang='lat' dir='ltr'>octin-</span> 
     </span>
     <span class='ocr_line' id='line_1_14' title="bbox 350 1053 1636 1107; baseline 0.003 -16"><span class='ocrx_word' id='word_1_103' title='bbox 350 1054 500 1104; x_wconf 78' lang='lat' dir='ltr'>gentis,</span> <span class='ocrx_word' id='word_1_104' title='bbox 532 1055 568 1092; x_wconf 71' lang='grc' dir='ltr'>ὁὶ</span> <span class='ocrx_word' id='word_1_105' title='bbox 595 1053 702 1092; x_wconf 83' lang='lat' dir='ltr'>mille</span> <span class='ocrx_word' id='word_1_106' title='bbox 742 1053 1019 1104; x_wconf 82' lang='lat' dir='ltr'>sagittariorum</span> <span class='ocrx_word' id='word_1_107' title='bbox 1057 1064 1171 1105; x_wconf 85' lang='lat' dir='ltr'>atque</span> <span class='ocrx_word' id='word_1_108' title='bbox 1205 1056 1449 1094; x_wconf 80' lang='lat' dir='ltr'>funditorum</span> <span class='ocrx_word' id='word_1_109' title='bbox 1479 1056 1636 1107; x_wconf 77' lang='lat' dir='ltr'>Lilybaei</span> 
     </span>
     <span class='ocr_line' id='line_1_15' title="bbox 348 1117 1640 1170; baseline 0.002 -14"><span class='ocrx_word' id='word_1_110' title='bbox 348 1117 586 1168; x_wconf 79' lang='lat' dir='ltr'>imposuerat</span> <span class='ocrx_word' id='word_1_111' title='bbox 612 1118 653 1156; x_wconf 89' lang='lat' dir='ltr'>in</span> <span class='ocrx_word' id='word_1_112' title='bbox 680 1130 823 1167; x_wconf 85' lang='lat' dir='ltr'>naves,</span> <span class='ocrx_word' id='word_1_113' title='bbox 857 1118 1039 1170; x_wconf 87' lang='lat' dir='ltr'>prospero</span> <span class='ocrx_word' id='word_1_114' title='bbox 1072 1118 1180 1158; x_wconf 88' lang='lat' dir='ltr'>cursu</span> <span class='ocrx_word' id='word_1_115' title='bbox 1215 1118 1265 1158; x_wconf 86' lang='lat' dir='ltr'>ad</span> <span class='ocrx_word' id='word_1_116' title='bbox 1297 1118 1480 1159; x_wconf 82' lang='lat' dir='ltr'>Caesarem</span> <span class='ocrx_word' id='word_1_117' title='bbox 1508 1133 1640 1170; x_wconf 83' lang='lat' dir='ltr'>perve-</span> 
     </span>
     <span class='ocr_line' id='line_1_16' title="bbox 349 1191 503 1221; baseline -0.019 0"><span class='ocrx_word' id='word_1_118' title='bbox 349 1191 503 1221; x_wconf 80' lang='lat' dir='ltr'>nerunt.</span> 
     </span>
    </p>

    <p class='ocr_par' dir='ltr' id='par_1_5' title="bbox 348 1242 1646 2108">
     <span class='ocr_line' id='line_1_17' title="bbox 410 1242 1640 1291; baseline 0.001 -8"><span class='ocrx_word' id='word_1_119' title='bbox 410 1243 555 1283; x_wconf 83' lang='lat' dir='ltr'>XVIII.</span> <span class='ocrx_word' id='word_1_120' title='bbox 591 1242 696 1281; x_wconf 89' lang='lat' dir='ltr'>Dum</span> <span class='ocrx_word' id='word_1_121' title='bbox 731 1242 813 1281; x_wconf 81' lang='lat' dir='ltr'>haec</span> <span class='ocrx_word' id='word_1_122' title='bbox 843 1243 957 1281; x_wconf 84' lang='lat' dir='ltr'>variis</span> <span class='ocrx_word' id='word_1_123' title='bbox 983 1243 1078 1283; x_wconf 85' lang='lat' dir='ltr'>locis</span> <span class='ocrx_word' id='word_1_124' title='bbox 1102 1244 1433 1291; x_wconf 73' lang='lat' dir='ltr'>administrantur,</span> <span class='ocrx_word' id='word_1_125' title='bbox 1465 1244 1520 1284; x_wconf 81' lang='lat' dir='ltr'><strong>M.</strong></span> <span class='ocrx_word' id='word_1_126' title='bbox 1544 1245 1640 1284; x_wconf 91' lang='lat' dir='ltr'>Cato</span> 
     </span>
     <span class='ocr_line' id='line_1_18' title="bbox 352 1304 1637 1356; baseline 0 -12"><span class='ocrx_word' id='word_1_127' title='bbox 352 1305 690 1356; x_wconf 79' lang='lat' dir='ltr'>supplementum,</span> <span class='ocrx_word' id='word_1_128' title='bbox 728 1317 856 1350; x_wconf 74' lang='lat' dir='ltr'>arma,</span> <span class='ocrx_word' id='word_1_129' title='bbox 888 1314 1148 1344; x_wconf 81' lang='lat' dir='ltr'>commeatum</span> <span class='ocrx_word' id='word_1_130' title='bbox 1192 1304 1355 1356; x_wconf 81' lang='lat' dir='ltr'>cogebat</span> <span class='ocrx_word' id='word_1_131' title='bbox 1393 1305 1538 1352; x_wconf 72' lang='lat' dir='ltr'>Uticae,</span> <span class='ocrx_word' id='word_1_132' title='bbox 1581 1316 1637 1344; x_wconf 90' lang='lat' dir='ltr'>at·</span> 
     </span>
     <span class='ocr_line' id='line_1_19' title="bbox 354 1365 1643 1417; baseline 0 -11"><span class='ocrx_word' id='word_1_133' title='bbox 354 1381 430 1417; x_wconf 87' lang='lat' dir='ltr'>que</span> <span class='ocrx_word' id='word_1_134' title='bbox 468 1367 607 1405; x_wconf 89' lang='lat' dir='ltr'>horum</span> <span class='ocrx_word' id='word_1_135' title='bbox 652 1366 800 1415; x_wconf 74' lang='lat' dir='ltr'>aliquid</span> <span class='ocrx_word' id='word_1_136' title='bbox 834 1365 993 1405; x_wconf 88' lang='lat' dir='ltr'>subinde</span> <span class='ocrx_word' id='word_1_137' title='bbox 1037 1367 1076 1404; x_wconf 87' lang='lat' dir='ltr'>in</span> <span class='ocrx_word' id='word_1_138' title='bbox 1110 1367 1223 1406; x_wconf 87' lang='lat' dir='ltr'>castra</span> <span class='ocrx_word' id='word_1_139' title='bbox 1272 1368 1462 1417; x_wconf 84' lang='lat' dir='ltr'>Scipionis</span> <span class='ocrx_word' id='word_1_140' title='bbox 1508 1368 1643 1406; x_wconf 84' lang='lat' dir='ltr'>mitte·</span> 
     </span>
     <span class='ocr_line' id='line_1_20' title="bbox 356 1428 1645 1482; baseline 0 -14"><span class='ocrx_word' id='word_1_141' title='bbox 356 1430 437 1469; x_wconf 78' lang='lat' dir='ltr'>but.</span> <span class='ocrx_word' id='word_1_142' title='bbox 478 1429 679 1467; x_wconf 75' lang='lat' dir='ltr'>confilium</span> <span class='ocrx_word' id='word_1_143' title='bbox 719 1441 872 1479; x_wconf 87' lang='lat' dir='ltr'>quoque</span> <span class='ocrx_word' id='word_1_144' title='bbox 897 1428 1046 1467; x_wconf 87' lang='lat' dir='ltr'>addidit</span> <span class='ocrx_word' id='word_1_145' title='bbox 1076 1443 1145 1467; x_wconf 82' lang='lat' dir='ltr'>non</span> <span class='ocrx_word' id='word_1_146' title='bbox 1173 1429 1357 1480; x_wconf 73' lang='lat' dir='ltr'>laceffindi</span> <span class='ocrx_word' id='word_1_147' title='bbox 1385 1431 1558 1482; x_wconf 66' lang='lat' dir='ltr'>Caesaris,</span> <span class='ocrx_word' id='word_1_148' title='bbox 1584 1445 1645 1468; x_wconf 71' lang='lat' dir='ltr'>cu-</span> 
     </span>
     <span class='ocr_line' id='line_1_21' title="bbox 348 1491 1645 1545; baseline 0.003 -17"><span class='ocrx_word' id='word_1_149' title='bbox 348 1493 414 1545; x_wconf 73' lang='lat' dir='ltr'>jus</span> <span class='ocrx_word' id='word_1_150' title='bbox 435 1493 581 1543; x_wconf 83' lang='lat' dir='ltr'>impetus</span> <span class='ocrx_word' id='word_1_151' title='bbox 604 1491 704 1529; x_wconf 74' lang='lat' dir='ltr'>nulla</span> <span class='ocrx_word' id='word_1_152' title='bbox 719 1506 750 1530; x_wconf 88' lang='lat' dir='ltr'>re</span> <span class='ocrx_word' id='word_1_153' title='bbox 772 1493 1002 1545; x_wconf 68' lang='lat' dir='ltr'>opportunius</span> <span class='ocrx_word' id='word_1_154' title='bbox 1015 1491 1163 1544; x_wconf 67' lang='lat' dir='ltr'>frangi,</span> <span class='ocrx_word' id='word_1_155' title='bbox 1181 1507 1284 1543; x_wconf 87' lang='lat' dir='ltr'>quam</span> <span class='ocrx_word' id='word_1_156' title='bbox 1303 1508 1416 1540; x_wconf 73' lang='lat' dir='ltr'>mora,</span> <span class='ocrx_word' id='word_1_157' title='bbox 1429 1491 1547 1545; x_wconf 76' lang='lat' dir='ltr'>poffit.</span> <span class='ocrx_word' id='word_1_158' title='bbox 1576 1495 1645 1534; x_wconf 86' lang='lat' dir='ltr'>Su-</span> 
     </span>
     <span class='ocr_line' id='line_1_22' title="bbox 355 1553 1644 1609; baseline 0 -15"><span class='ocrx_word' id='word_1_159' title='bbox 355 1554 476 1606; x_wconf 80' lang='lat' dir='ltr'>perbe</span> <span class='ocrx_word' id='word_1_160' title='bbox 501 1556 684 1603; x_wconf 68' lang='lat' dir='ltr'>reJeetum</span> <span class='ocrx_word' id='word_1_161' title='bbox 705 1554 782 1593; x_wconf 87' lang='lat' dir='ltr'>hoc</span> <span class='ocrx_word' id='word_1_162' title='bbox 807 1568 829 1593; x_wconf 88' lang='lat' dir='ltr'>a</span> <span class='ocrx_word' id='word_1_163' title='bbox 846 1555 1051 1604; x_wconf 83' lang='lat' dir='ltr'>Scipione,</span> <span class='ocrx_word' id='word_1_164' title='bbox 1077 1553 1269 1605; x_wconf 84' lang='lat' dir='ltr'>semelque</span> <span class='ocrx_word' id='word_1_165' title='bbox 1302 1555 1546 1606; x_wconf 84' lang='lat' dir='ltr'>rescriptum,</span> <span class='ocrx_word' id='word_1_166' title='bbox 1564 1557 1644 1609; x_wconf 79' lang='lat' dir='ltr'>sus-</span> 
     </span>
     <span class='ocr_line' id='line_1_23' title="bbox 351 1620 1643 1672; baseline 0 -15"><span class='ocrx_word' id='word_1_167' title='bbox 351 1622 457 1669; x_wconf 73' lang='lat' dir='ltr'>ficere</span> <span class='ocrx_word' id='word_1_168' title='bbox 480 1620 594 1657; x_wconf 87' lang='lat' dir='ltr'>debere</span> <span class='ocrx_word' id='word_1_169' title='bbox 617 1620 742 1658; x_wconf 70' lang='lat' dir='ltr'>Catoni</span> <span class='ocrx_word' id='word_1_170' title='bbox 763 1631 875 1657; x_wconf 85' lang='lat' dir='ltr'>tutum</span> <span class='ocrx_word' id='word_1_171' title='bbox 895 1621 932 1657; x_wconf 80' lang='lat' dir='ltr'>irz</span> <span class='ocrx_word' id='word_1_172' title='bbox 955 1620 1084 1672; x_wconf 76' lang='lat' dir='ltr'>oppido</span> <span class='ocrx_word' id='word_1_173' title='bbox 1108 1621 1239 1657; x_wconf 78' lang='lat' dir='ltr'>munito</span> <span class='ocrx_word' id='word_1_174' title='bbox 1263 1620 1397 1659; x_wconf 82' lang='lat' dir='ltr'>otium.-</span> <span class='ocrx_word' id='word_1_175' title='bbox 1431 1634 1471 1658; x_wconf 84' lang='lat' dir='ltr'>ne</span> <span class='ocrx_word' id='word_1_176' title='bbox 1495 1620 1643 1657; x_wconf 71' lang='lat' dir='ltr'>aliorum</span> 
     </span>
     <span class='ocr_line' id='line_1_24' title="bbox 357 1682 1643 1735; baseline 0.002 -15"><span class='ocrx_word' id='word_1_177' title='bbox 357 1696 490 1734; x_wconf 75' lang='lat' dir='ltr'>quoque</span> <span class='ocrx_word' id='word_1_178' title='bbox 515 1682 757 1730; x_wconf 76' lang='lat' dir='ltr'>alacritatem,</span> <span class='ocrx_word' id='word_1_179' title='bbox 789 1683 1045 1735; x_wconf 75' lang='lat' dir='ltr'>opportunitate</span> <span class='ocrx_word' id='word_1_180' title='bbox 1072 1695 1256 1735; x_wconf 83' lang='lat' dir='ltr'>temporum</span> <span class='ocrx_word' id='word_1_181' title='bbox 1287 1683 1424 1735; x_wconf 71' lang='lat' dir='ltr'>usuram</span> <span class='ocrx_word' id='word_1_182' title='bbox 1438 1715 1451 1731; x_wconf 89' lang='lat'>‚</span> <span class='ocrx_word' id='word_1_183' title='bbox 1476 1685 1643 1723; x_wconf 74' lang='lat' dir='ltr'>inhibeat.</span> 
     </span>
     <span class='ocr_line' id='line_1_25' title="bbox 357 1742 1646 1797; baseline 0 -13"><span class='ocrx_word' id='word_1_184' title='bbox 357 1742 522 1794; x_wconf 76' lang='lat' dir='ltr'>Pupugit</span> <span class='ocrx_word' id='word_1_185' title='bbox 543 1756 587 1782; x_wconf 88' lang='lat' dir='ltr'>ea</span> <span class='ocrx_word' id='word_1_186' title='bbox 602 1743 789 1783; x_wconf 86' lang='lat' dir='ltr'>Catonem</span> <span class='ocrx_word' id='word_1_187' title='bbox 805 1744 1047 1794; x_wconf 80' lang='lat' dir='ltr'>exprobratio</span> <span class='ocrx_word' id='word_1_188' title='bbox 1062 1776 1073 1790; x_wconf 89' lang='lat'><em>,</em></span> <span class='ocrx_word' id='word_1_189' title='bbox 1094 1745 1376 1796; x_wconf 68' lang='lat' dir='ltr'>rescripsitque,</span> <span class='ocrx_word' id='word_1_190' title='bbox 1390 1760 1555 1797; x_wconf 69' lang='lat' dir='ltr'>paratum</span> <span class='ocrx_word' id='word_1_191' title='bbox 1570 1761 1646 1784; x_wconf 81' lang='lat' dir='ltr'>cum</span> 
     </span>
     <span class='ocr_line' id='line_1_26' title="bbox 359 1805 1644 1860; baseline -0.002 -15"><span class='ocrx_word' id='word_1_192' title='bbox 359 1807 529 1858; x_wconf 76' lang='lat' dir='ltr'>iis‚quas</span> <span class='ocrx_word' id='word_1_193' title='bbox 553 1805 750 1858; x_wconf 72' lang='lat' dir='ltr'>adduxzjffet</span> <span class='ocrx_word' id='word_1_194' title='bbox 773 1806 811 1844; x_wconf 82' lang='lat' dir='ltr'>in</span> <span class='ocrx_word' id='word_1_195' title='bbox 831 1807 994 1858; x_wconf 72' lang='lat' dir='ltr'>Africam</span> <span class='ocrx_word' id='word_1_196' title='bbox 1009 1838 1019 1853; x_wconf 94' lang='lat'><strong>‚</strong></span> <span class='ocrx_word' id='word_1_197' title='bbox 1034 1808 1143 1860; x_wconf 85' lang='lat' dir='ltr'>copiis</span> <span class='ocrx_word' id='word_1_198' title='bbox 1166 1808 1320 1857; x_wconf 80' lang='lat' dir='ltr'>trajicere</span> <span class='ocrx_word' id='word_1_199' title='bbox 1336 1809 1372 1845; x_wconf 82' lang='lat' dir='ltr'>in</span> <span class='ocrx_word' id='word_1_200' title='bbox 1394 1808 1539 1847; x_wconf 65' lang='lat' dir='ltr'>Italiam</span> <span class='ocrx_word' id='word_1_201' title='bbox 1555 1840 1565 1857; x_wconf 84' lang='lat'>‚</span> <span class='ocrx_word' id='word_1_202' title='bbox 1590 1823 1644 1847; x_wconf 63' lang='lat' dir='ltr'>at„</span> 
     </span>
     <span class='ocr_line' id='line_1_27' title="bbox 360 1868 1646 1922; baseline 0.002 -15"><span class='ocrx_word' id='word_1_203' title='bbox 360 1870 426 1922; x_wconf 52' lang='lat' dir='ltr'>§ue</span> <span class='ocrx_word' id='word_1_204' title='bbox 455 1870 614 1921; x_wconf 82' lang='lat' dir='ltr'>Caefizrem</span> <span class='ocrx_word' id='word_1_205' title='bbox 640 1871 690 1907; x_wconf 85' lang='lat' dir='ltr'>ad</span> <span class='ocrx_word' id='word_1_206' title='bbox 712 1883 785 1906; x_wconf 79' lang='lat' dir='ltr'>eam</span> <span class='ocrx_word' id='word_1_207' title='bbox 810 1870 972 1907; x_wconf 81' lang='lat' dir='ltr'>tuendam</span> <span class='ocrx_word' id='word_1_208' title='bbox 1005 1870 1184 1907; x_wconf 72' lang='lat' dir='ltr'>retrahere.</span> <span class='ocrx_word' id='word_1_209' title='bbox 1217 1869 1292 1908; x_wconf 92' lang='lat' dir='ltr'>Ubi</span> <span class='ocrx_word' id='word_1_210' title='bbox 1322 1868 1403 1908; x_wconf 80' lang='lat' dir='ltr'>haec</span> <span class='ocrx_word' id='word_1_211' title='bbox 1429 1870 1544 1909; x_wconf 78' lang='lat' dir='ltr'>etiam</span> <span class='ocrx_word' id='word_1_212' title='bbox 1567 1872 1646 1909; x_wconf 81' lang='lat' dir='ltr'>irri-</span> 
     </span>
     <span class='ocr_line' id='line_1_28' title="bbox 361 1929 1645 1983; baseline 0 -13"><span class='ocrx_word' id='word_1_213' title='bbox 361 1929 402 1970; x_wconf 83' lang='lat' dir='ltr'>sa</span> <span class='ocrx_word' id='word_1_214' title='bbox 425 1930 477 1969; x_wconf 88' lang='lat' dir='ltr'>est</span> <span class='ocrx_word' id='word_1_215' title='bbox 498 1930 546 1969; x_wconf 82' lang='lat' dir='ltr'>ab</span> <span class='ocrx_word' id='word_1_216' title='bbox 570 1930 750 1980; x_wconf 87' lang='lat' dir='ltr'>Scipione</span> <span class='ocrx_word' id='word_1_217' title='bbox 776 1931 893 1977; x_wconf 84' lang='lat' dir='ltr'>ratio,</span> <span class='ocrx_word' id='word_1_218' title='bbox 926 1943 1003 1969; x_wconf 90' lang='lat' dir='ltr'>non</span> <span class='ocrx_word' id='word_1_219' title='bbox 1033 1930 1191 1969; x_wconf 86' lang='lat' dir='ltr'>obscure</span> <span class='ocrx_word' id='word_1_220' title='bbox 1217 1929 1306 1968; x_wconf 86' lang='lat' dir='ltr'>tulit</span> <span class='ocrx_word' id='word_1_221' title='bbox 1325 1931 1441 1977; x_wconf 84' lang='lat' dir='ltr'>Cato,</span> <span class='ocrx_word' id='word_1_222' title='bbox 1462 1934 1645 1983; x_wconf 66' lang='grc' dir='ltr'>ρανηὶτεγε,</span> 
     </span>
     <span class='ocr_line' id='line_1_29' title="bbox 361 1991 1646 2045; baseline 0.002 -16"><span class='ocrx_word' id='word_1_223' title='bbox 361 1993 457 2044; x_wconf 76' lang='lat' dir='ltr'>quod</span> <span class='ocrx_word' id='word_1_224' title='bbox 486 2006 524 2029; x_wconf 88' lang='lat' dir='ltr'>eo</span> <span class='ocrx_word' id='word_1_225' title='bbox 547 2004 717 2042; x_wconf 79' lang='lat' dir='ltr'>tempore,</span> <span class='ocrx_word' id='word_1_226' title='bbox 739 1991 798 2029; x_wconf 81' lang='lat' dir='ltr'>ubi</span> <span class='ocrx_word' id='word_1_227' title='bbox 817 1991 955 2043; x_wconf 86' lang='lat' dir='ltr'>summa</span> <span class='ocrx_word' id='word_1_228' title='bbox 996 1991 1188 2045; x_wconf 76' lang='lat' dir='ltr'>respublica</span> <span class='ocrx_word' id='word_1_229' title='bbox 1219 2004 1394 2044; x_wconf 81' lang='lat' dir='ltr'>ageretur,</span> <span class='ocrx_word' id='word_1_230' title='bbox 1432 1994 1646 2033; x_wconf 75' lang='lat' dir='ltr'>honoratiori</span> 
     </span>
     <span class='ocr_line' id='line_1_30' title="bbox 364 2054 740 2108; baseline 0 -15"><span class='ocrx_word' id='word_1_231' title='bbox 364 2054 500 2108; x_wconf 64' lang='lat' dir='ltr'>ceffi&#39;ſjet</span> <span class='ocrx_word' id='word_1_232' title='bbox 526 2055 740 2107; x_wconf 80' lang='lat' dir='ltr'>prudentior.</span> 
     </span>
    </p>

    <p class='ocr_par' dir='ltr' id='par_1_6' title="bbox 364 2115 1649 2417">
     <span class='ocr_line' id='line_1_31' title="bbox 419 2115 1645 2168; baseline 0.001 -11"><span class='ocrx_word' id='word_1_233' title='bbox 419 2115 535 2157; x_wconf 86' lang='lat' dir='ltr'>XIX.</span> <span class='ocrx_word' id='word_1_234' title='bbox 567 2118 641 2157; x_wconf 86' lang='lat' dir='ltr'>Sed</span> <span class='ocrx_word' id='word_1_235' title='bbox 676 2116 816 2166; x_wconf 86' lang='lat' dir='ltr'>Caesar,</span> <span class='ocrx_word' id='word_1_236' title='bbox 851 2124 1046 2156; x_wconf 85' lang='lat' dir='ltr'>veteranas</span> <span class='ocrx_word' id='word_1_237' title='bbox 1079 2115 1249 2168; x_wconf 83' lang='lat' dir='ltr'>legiones</span> <span class='ocrx_word' id='word_1_238' title='bbox 1277 2119 1435 2163; x_wconf 68' lang='lat' dir='ltr'>nactus,</span> <span class='ocrx_word' id='word_1_239' title='bbox 1467 2119 1645 2158; x_wconf 76' lang='lat' dir='ltr'>omnibus</span> 
     </span>
     <span class='ocr_line' id='line_1_32' title="bbox 365 2178 1647 2231; baseline 0 -12"><span class='ocrx_word' id='word_1_240' title='bbox 365 2179 512 2219; x_wconf 76' lang='lat' dir='ltr'>consilii</span> <span class='ocrx_word' id='word_1_241' title='bbox 536 2179 676 2231; x_wconf 77' lang='lat' dir='ltr'>ignaris</span> <span class='ocrx_word' id='word_1_242' title='bbox 704 2189 838 2230; x_wconf 81' lang='lat' dir='ltr'>praeter</span> <span class='ocrx_word' id='word_1_243' title='bbox 860 2178 1073 2229; x_wconf 86' lang='lat' dir='ltr'>Ruspinam</span> <span class='ocrx_word' id='word_1_244' title='bbox 1102 2192 1190 2217; x_wconf 85' lang='lat' dir='ltr'>cum</span> <span class='ocrx_word' id='word_1_245' title='bbox 1218 2187 1302 2218; x_wconf 91' lang='lat' dir='ltr'>toto</span> <span class='ocrx_word' id='word_1_246' title='bbox 1327 2179 1494 2219; x_wconf 82' lang='lat' dir='ltr'>exercitu</span> <span class='ocrx_word' id='word_1_247' title='bbox 1521 2181 1647 2220; x_wconf 82' lang='lat' dir='ltr'>versus</span> 
     </span>
     <span class='ocr_line' id='line_1_33' title="bbox 364 2241 1648 2293; baseline 0 -11"><span class='ocrx_word' id='word_1_248' title='bbox 364 2241 518 2282; x_wconf 76' lang='lat' dir='ltr'>Uzitam</span> <span class='ocrx_word' id='word_1_249' title='bbox 549 2243 740 2292; x_wconf 86' lang='lat' dir='ltr'>oppidum</span> <span class='ocrx_word' id='word_1_250' title='bbox 767 2243 910 2293; x_wconf 79' lang='lat' dir='ltr'>pergit,</span> <span class='ocrx_word' id='word_1_251' title='bbox 940 2252 1027 2282; x_wconf 89' lang='lat' dir='ltr'>ante</span> <span class='ocrx_word' id='word_1_252' title='bbox 1050 2244 1153 2292; x_wconf 91' lang='lat' dir='ltr'>quod</span> <span class='ocrx_word' id='word_1_253' title='bbox 1181 2243 1218 2280; x_wconf 90' lang='lat' dir='ltr'>in</span> <span class='ocrx_word' id='word_1_254' title='bbox 1251 2243 1356 2281; x_wconf 88' lang='lat' dir='ltr'>edito</span> <span class='ocrx_word' id='word_1_255' title='bbox 1385 2242 1483 2281; x_wconf 76' lang='lat' dir='ltr'>colle</span> <span class='ocrx_word' id='word_1_256' title='bbox 1511 2244 1648 2283; x_wconf 86' lang='lat' dir='ltr'>Numi-</span> 
     </span>
     <span class='ocr_line' id='line_1_34' title="bbox 368 2303 1646 2355; baseline 0.001 -13"><span class='ocrx_word' id='word_1_257' title='bbox 368 2303 504 2342; x_wconf 73' lang='lat' dir='ltr'>darum</span> <span class='ocrx_word' id='word_1_258' title='bbox 528 2303 741 2354; x_wconf 79' lang='lat' dir='ltr'>praefidium</span> <span class='ocrx_word' id='word_1_259' title='bbox 769 2313 858 2343; x_wconf 87' lang='lat' dir='ltr'>erat.</span> <span class='ocrx_word' id='word_1_260' title='bbox 886 2304 931 2344; x_wconf 91' lang='lat' dir='ltr'>Id</span> <span class='ocrx_word' id='word_1_261' title='bbox 954 2305 1152 2355; x_wconf 85' lang='lat' dir='ltr'>postquam</span> <span class='ocrx_word' id='word_1_262' title='bbox 1176 2318 1197 2343; x_wconf 87' lang='lat' dir='ltr'>a</span> <span class='ocrx_word' id='word_1_263' title='bbox 1224 2304 1365 2344; x_wconf 82' lang='lat' dir='ltr'>Caesare</span> <span class='ocrx_word' id='word_1_264' title='bbox 1397 2307 1480 2354; x_wconf 88' lang='lat' dir='ltr'>capi</span> <span class='ocrx_word' id='word_1_265' title='bbox 1512 2305 1646 2345; x_wconf 87' lang='lat' dir='ltr'>Labie-</span> 
     </span>
     <span class='ocr_line' id='line_1_35' title="bbox 370 2365 1649 2417; baseline 0.002 -14"><span class='ocrx_word' id='word_1_266' title='bbox 370 2377 441 2404; x_wconf 80' lang='lat' dir='ltr'>nus</span> <span class='ocrx_word' id='word_1_267' title='bbox 466 2365 755 2413; x_wconf 84' lang='lat' dir='ltr'>animadvertit,</span> <span class='ocrx_word' id='word_1_268' title='bbox 790 2379 880 2405; x_wconf 87' lang='lat' dir='ltr'>cum</span> <span class='ocrx_word' id='word_1_269' title='bbox 917 2366 1046 2405; x_wconf 81' lang='lat' dir='ltr'>multis</span> <span class='ocrx_word' id='word_1_270' title='bbox 1074 2366 1266 2417; x_wconf 82' lang='lat' dir='ltr'>equitibus</span> <span class='ocrx_word' id='word_1_271' title='bbox 1301 2378 1499 2405; x_wconf 83' lang='lat' dir='ltr'>accurrens</span> <span class='ocrx_word' id='word_1_272' title='bbox 1530 2366 1649 2406; x_wconf 77' lang='lat' dir='ltr'>subfi-</span> 
     </span>
    </p>
   </div>
   <div class='ocr_carea' id='block_1_5' title="bbox 372 2486 1653 2576">
    <p class='ocr_par' dir='ltr' id='par_1_7' title="bbox 372 2486 1653 2576">
     <span class='ocr_line' id='line_1_36' title="bbox 418 2486 1653 2532; baseline 0.002 -16"><span class='ocrx_word' id='word_1_273' title='bbox 418 2487 440 2530; x_wconf 60' lang='grc' dir='ltr'><strong>ς</strong></span> <span class='ocrx_word' id='word_1_274' title='bbox 464 2486 572 2518; x_wconf 55' lang='lat' dir='ltr'>XXII.</span> <span class='ocrx_word' id='word_1_275' title='bbox 600 2486 678 2520; x_wconf 85' lang='lat' dir='ltr'>Dio.</span> <span class='ocrx_word' id='word_1_276' title='bbox 706 2487 830 2519; x_wconf 66' lang='lat' dir='ltr'>Aussor</span> <span class='ocrx_word' id='word_1_277' title='bbox 850 2487 890 2519; x_wconf 86' lang='lat' dir='ltr'>de</span> <span class='ocrx_word' id='word_1_278' title='bbox 913 2488 946 2520; x_wconf 92' lang='grc' dir='ltr'><strong>Β</strong></span> <span class='ocrx_word' id='word_1_279' title='bbox 966 2487 1069 2519; x_wconf 82' lang='lat' dir='ltr'>Afric</span> <span class='ocrx_word' id='word_1_280' title='bbox 1089 2488 1321 2521; x_wconf 70' lang='lat' dir='ltr'>Strab.1.1s.</span> <span class='ocrx_word' id='word_1_281' title='bbox 1351 2488 1451 2520; x_wconf 75' lang='lat' dir='ltr'>Mela.</span> <span class='ocrx_word' id='word_1_282' title='bbox 1482 2486 1653 2532; x_wconf 69' lang='lat' dir='ltr'>§xvllh</span> 
     </span>
     <span class='ocr_line' id='line_1_37' title="bbox 372 2532 1624 2576; baseline 0.002 -13"><span class='ocrx_word' id='word_1_283' title='bbox 372 2532 445 2573; x_wconf 56' lang='lat' dir='ltr'>Lm.</span> <span class='ocrx_word' id='word_1_284' title='bbox 480 2532 633 2565; x_wconf 73' lang='lat' dir='ltr'>familiar.</span> <span class='ocrx_word' id='word_1_285' title='bbox 663 2542 724 2576; x_wconf 81' lang='lat'>13,</span> <span class='ocrx_word' id='word_1_286' title='bbox 752 2534 804 2575; x_wconf 68' lang='lat'>58.</span> <span class='ocrx_word' id='word_1_287' title='bbox 830 2532 957 2566; x_wconf 65' lang='lat' dir='ltr'>Auster</span> <span class='ocrx_word' id='word_1_288' title='bbox 978 2534 1018 2566; x_wconf 84' lang='lat' dir='ltr'>de</span> <span class='ocrx_word' id='word_1_289' title='bbox 1040 2534 1074 2566; x_wconf 81' lang='lat' dir='ltr'><strong>B.</strong></span> <span class='ocrx_word' id='word_1_290' title='bbox 1098 2533 1205 2566; x_wconf 80' lang='lat' dir='ltr'>Afric.</span> <span class='ocrx_word' id='word_1_291' title='bbox 1231 2532 1320 2567; x_wconf 81' lang='lat' dir='ltr'>Ilut.</span> <span class='ocrx_word' id='word_1_292' title='bbox 1344 2534 1376 2565; x_wconf 86' lang='lat' dir='ltr'>in</span> <span class='ocrx_word' id='word_1_293' title='bbox 1403 2534 1478 2566; x_wconf 74' lang='lat' dir='ltr'>Cat</span> <span class='ocrx_word' id='word_1_294' title='bbox 1503 2545 1530 2566; x_wconf 89' lang='lat' dir='ltr'>c.</span> <span class='ocrx_word' id='word_1_295' title='bbox 1551 2542 1624 2573; x_wconf 81' lang='lat'>174·</span> 
     </span>
    </p>
   </div>
  </div>
 </body>
</html>
