1685 3042
241 199 321 246 1N
363 197 531 244 Loc,
570 197 707 243 ΜΒ.
751 196 906 243 cxlv
959 200 1097 247 mv.
1268 216 1327 266 45

48 320 136 347 cum
163 306 361 347 Demetrio
393 305 543 345 Stoicus
571 302 834 353 Apollonides.
862 303 1248 354 medicus‚intestina
1273 309 1330 348 vi-

46 371 142 409 dens
176 369 312 417 illaesa,
343 379 527 418 reponere
556 367 598 404 in
631 375 802 405 ventrem
837 374 950 416 atque
978 367 1160 407 consuere
1193 370 1331 411 vulnus

45 433 179 482 coepit.
206 431 271 470 ille
295 429 442 480 paffus,
469 430 595 468 donec
619 428 883 477 discederent,
910 442 1069 469 manum
1089 431 1225 480 injecit
1246 433 1332 473 vul·

47 495 128 534 neri
147 524 157 542 ,
182 493 444 542 dilaniatoque
459 522 471 538 ,
495 493 531 530 Sc
552 490 682 541 sparsis
709 491 916 540 intestinis,
945 504 1020 542 qua
1045 503 1218 543 coeperat
1241 495 1301 533 via
1318 523 1332 543 ‚

46 556 228 596 servitute
260 554 392 593 exivit.
433 552 600 592 Deceffit
633 552 727 591 Cato
755 565 856 591 anno
888 554 1009 592 aetatis
1035 553 1336 604 undequinqua-

44 617 200 669 gesimo.
237 615 372 665 Magni
408 615 543 663 utique
572 613 628 652 vir
663 613 868 664 invistique
901 614 1041 663 animi,
1063 616 1098 654 ἃ
1128 615 1333 656 indomita:

43 693 118 721 nec
142 678 347 718 licentiosae
373 677 559 716 libertatis
576 707 586 725 ‚
615 676 679 716 sed
711 677 839 727 legum
866 678 901 716 ἃ
929 678 1028 727 aequi
1054 676 1337 718 observantiffi-

44 755 158 787 mus:
191 744 300 790 eujus
326 742 443 780 etiam
469 739 682 779 laudandus
709 740 833 778 exitus
863 739 983 788 foret,
1010 739 1036 778 fi
1066 741 1222 780 cuidam
1250 741 1331 780 ullo

43 804 134 843 casu
162 803 245 842 vitae
274 801 451 852 necisque
471 801 544 840 suae
570 802 797 852 potestatem
826 800 1061 840 eonceffiffet
1088 801 1203 840 Deus.
1227 814 1335 841 nunc

42 866 86 904 in
113 878 151 904 re
167 865 283 904 vetita
306 863 439 903 saltem
469 862 570 902 hanc
600 861 793 901 abstulerit
814 875 889 912 prae
912 860 996 901 aliis
1017 861 1199 900 similibus
1227 873 1337 900 com-

44 927 360 972 mendationem,
393 934 435 964 ut
463 938 510 964 ex
531 932 615 964 toto
645 924 932 975 desperatorum
957 926 1113 976 agmine
1138 935 1254 963 nemo
1283 924 1337 964 vi.

45 989 182 1029 deatur
209 986 381 1026 insanisse
403 986 618 1036 speciosius.

54 1083 59 1088 .
101 1048 233 1089 LVIII.
262 1047 337 1086 Sed
370 1059 493 1088 neque
519 1049 559 1086 in
585 1047 662 1087 vita
689 1048 772 1096 ejus
798 1047 1009 1098 quidquam
1042 1048 1180 1087 rectius
1210 1048 1336 1099 carpi-

45 1109 130 1150 tus,
165 1114 279 1152 quam
319 1101 425 1151 qUOd
457 1112 617 1139 uxorem
649 1108 836 1148 Marciam
873 1109 980 1149 velut
1004 1108 1212 1149 usurariam
1244 1123 1337 1150 con..

47 1163 155 1203 ceffit
176 1164 224 1212 Q.
257 1161 484 1208 Hortensio,
509 1172 598 1199 cum
627 1169 701 1199 tres
726 1161 760 1199 ei
788 1160 930 1198 liberos
954 1171 1164 1210 peperisset
1180 1202 1191 1212 ,
1221 1183 1336 1214 atque

46 1238 94 1265 eo
111 1237 266 1275 quoque
288 1232 463 1273 tempore
483 1222 641 1272 gestaret
664 1231 826 1260 uterum.
854 1221 898 1260 Id
915 1222 996 1270 ejus
1017 1221 1178 1271 factum,
1202 1237 1337 1273 quam-

45 1301 161 1339 quam
187 1286 363 1336 Philippo
379 1285 534 1325 Marciae
559 1286 655 1334 patri
675 1285 879 1335 probatum
893 1314 906 1330 ,
927 1286 964 1323 ἃ
984 1285 1164 1335 exemplo
1194 1287 1336 1327 Socra-

45 1351 94 1389 tis
116 1358 231 1399 atque
256 1349 374 1388 veteri
398 1348 664 1387 Romanorum
693 1346 972 1386 consuetudine
995 1347 1198 1388 defensum
1215 1381 1226 1398 ‚
1253 1365 1335 1392 non

45 1412 243 1451 immerito
271 1409 516 1461 reprehendit
549 1408 671 1448 Caesar
688 1441 700 1458 ‚
725 1409 858 1449 salsam
883 1419 1014 1449 tamen
1046 1410 1198 1450 causam
1222 1411 1337 1452 hosti„

45 1473 135 1514 liter
162 1473 365 1523 affingens,
388 1486 528 1511 uxorem
551 1471 773 1524 juvenculam
799 1474 872 1511 ideo
899 1472 1019 1525 dediffe
1048 1477 1206 1513 utendam
1234 1477 1334 1515 Hosvo

46 1538 150 1588 tensio
165 1565 177 1583 ‚
202 1548 241 1573 ut
256 1549 321 1588 pro
341 1547 489 1586 paupere
524 1534 660 1572 divitem
695 1535 857 1586 reciperet.
897 1533 999 1572 Nam
1029 1532 1137 1572 heres
1165 1535 1335 1575 instituta

49 1596 98 1636 ab
131 1593 358 1641 Hortensio,
398 1592 480 1642 post
514 1591 616 1631 illius
655 1593 733 1633 fata
770 1593 932 1632 domum
964 1594 1120 1633 Catonis
1153 1596 1334 1637 redierat.

47 1657 177 1699 Palam
195 1656 295 1696 faeta
312 1665 435 1694 morte
451 1655 839 1703 Catonis‚Uticenses
852 1685 864 1704 ,
886 1655 976 1695 licet
998 1656 1049 1695 ob
1073 1659 1242 1707 partium
1263 1659 1337 1697 stu-

49 1721 158 1760 dium
183 1719 367 1766 oderant,
388 1725 517 1756 tamen
541 1728 699 1768 propter
718 1718 946 1769 singularem
960 1719 1238 1769 integritatem,
1262 1720 1334 1760 ser-

48 1791 252 1833 vatamque
278 1781 383 1820 haud
405 1779 718 1829 semelUticam,
744 1783 780 1820 &
801 1782 952 1831 magnis
980 1783 1160 1832 operibus
1183 1797 1335 1834 permu-

47 1845 376 1897 nitam„publice
404 1844 678 1895 sepeliverunt,
703 1857 790 1884 cum
816 1845 947 1884 multis
980 1847 1128 1897 magnis
1152 1847 1334 1888 laudibus

49 1910 248 1958 omnium3
271 1921 321 1947 ne
344 1916 451 1947 metu
477 1908 634 1959 quidem
660 1907 898 1959 impediente
918 1909 1113 1958 officium,
1128 1913 1232 1961 quod
1252 1915 1335 1962 jam

48 1969 156 2010 haud
183 1968 319 2021 procul
342 1971 463 2020 copiae
491 1968 644 2008 Caesaris
669 1969 839 2009 aberant.
985 1988 997 2007 ι

105 2033 210 2074 LIX.
241 2031 433 2074 Tumulus
458 2032 493 2071 ei
516 2033 720 2071 mediocris
741 2033 883 2083 pofitus
898 2034 950 2074 est
971 2036 1082 2084 juxta
1098 2047 1224 2083 mare,
1244 2048 1334 2077 cum.

50 2097 170 2137 statua
187 2098 268 2145 ejus
285 2126 296 2144 ,
319 2095 489 2146 gladium
516 2104 684 2134 tenente.
720 2095 805 2146 Ipse
831 2096 878 2135 ab
906 2095 982 2135 hoc
1020 2107 1160 2136 eventu
1189 2109 1335 2149 cogno-

50 2161 155 2200 mine
184 2160 357 2212 Uticenfis
383 2171 405 2197 a
430 2159 531 2208 paris
558 2158 778 2197 constantiae
804 2158 1013 2210 gloriaeque
1032 2173 1175 2210 proavo
1207 2161 1335 2199 distin-

52 2221 188 2272 guitur.
216 2221 300 2260 Post
327 2227 491 2259 mortem
519 2219 675 2259 Catonis
707 2221 749 2260 L.
774 2220 895 2261 Caesar
921 2223 962 2260 in
984 2222 1174 2261 concione
1199 2223 1333 2273 populi

46 2283 237 2323 ‘Uticensis
259 2283 411 2330 suadet,
437 2297 476 2322 ut
487 2296 597 2337 portae
618 2285 837 2337 aperiantur:
855 2285 895 2337 fi
914 2284 1138 2338 profec‘lurum
1154 2288 1203 2323 ad
1217 2287 1333 2336 Caesiz-

53 2360 116 2384 rem
140 2347 366 2398 imperatorem
380 2374 391 2393 ‚
418 2345 516 2399 cujus
539 2347 577 2384 in
600 2346 774 2384 clementia
795 2346 890 2398 spem
918 2360 1078 2400 magnam
1106 2348 1239 2385 habeat.
1268 2346 1332 2385 In-

58 2509 78 2547 5
100 2464 122 2507 ς
136 2464 252 2543 bLKiH.
279 2466 355 2542 mig:
373 2467 464 2510 Epit.
491 2467 579 2502 Plut.
599 2467 688 2500 Flor.
714 2467 858 2511 Appian.
883 2466 965 2500 Dio.
1001 2465 1022 2511 §
1044 2465 1165 2501 LVIII.
1187 2464 1336 2509 Appian-

84 2518 131 2543 tra
158 2533 165 2542 ι
207 2534 216 2545 .
240 2523 289 2546 110
346 2522 392 2546 10·
