1685 3042
252 207 327 253 IN
369 204 546 253 Loc.
586 203 725 249 Lm.
758 201 911 247 cxiv
971 202 1108 248 riv,
1279 213 1334 263 25

65 326 178 366 opere
199 312 470 359 munitissima,
493 310 622 350 sedem
647 309 749 350 bello
775 309 899 359 cepit·,
915 310 1163 357 &juventute
1180 320 1259 347 non
1279 306 1341 345 in*

63 391 186 429 genua
208 377 340 424 modo,
354 375 417 414 sed
436 376 471 414 ὁὶ
495 374 708 422 servorum,
726 372 933 412 centuriata
946 401 959 419 ,
981 372 1165 421 pecunias
1181 382 1341 420 cogere,

62 450 196 488 parare
220 450 322 476 arma
338 465 349 483 ‚
377 435 542 484 denique
566 435 679 474 rebus
717 432 895 472 omnibus
931 431 1080 470 munire
1108 430 1145 469 se
1169 429 1343 468 instituit.

128 498 192 538 IV.
234 497 382 537 Interea
409 494 528 534 Caesar
555 495 595 536 in
624 495 750 536 Africa
789 491 1016 543 perdifficile
1037 490 1200 535 ‚bellurn
1231 501 1344 540 gere-

65 558 133 598 bat
163 565 294 597 contra
329 557 513 597 maximas
544 555 708 596 hostium
738 554 892 604 copias,
920 553 1031 593 rebus
1059 551 1238 591 omnibus
1270 551 1346 588 im-

63 634 155 670 par,
179 622 214 662 δε
237 626 384 658 tantum
414 618 575 657 fortunae
606 617 678 656 suae
700 616 907 665 animoque
926 616 962 654 Sc
991 612 1149 653 consilio
1175 612 1350 652 innixus«

62 683 137 722 Sed
167 684 202 723 δι
226 681 408 722 frumenti
443 681 574 731 inopia
604 679 836 731 urgebatur,
862 678 971 726 cujus
1008 676 1131 715 tenuis
1156 684 1236 713 erat
1271 673 1347 712 Ru-

62 746 178 796 spinae
215 759 395 792 annona,
423 745 529 796 panis
556 742 666 785 fimul
697 742 922 791 obsoniique
952 740 1077 779 vicem
1111 739 1246 777 ficcata
1270 738 1345 775 im-

64 806 194 857 plente
221 806 320 846 ficu:
350 808 385 846 &
411 804 647 856 expediundi
687 801 853 843 difficilis
880 810 960 841 erat
989 800 1111 847 ratio,
1140 800 1228 850 quia
1261 797 1344 837 Cae-

64 868 153 907 saris
180 870 398 919 equitatus,
424 867 600 907 nondum
620 866 706 906 satis
727 878 747 904 e
769 864 958 904 maritima
983 861 1190 911 jactatione
1209 862 1348 900 &nau-

65 929 127 971 sea
165 929 396 970 confirmatis
424 930 553 979 equis,
586 927 724 979 proelio
762 940 842 967 non
882 924 1049 964 audebat
1082 923 1346 963 contendere:

67 1000 199 1033 contra
222 991 258 1030 N
264 991 400 1029 umidae
421 990 647 1039 Maurique,
663 987 775 1027 velox
802 989 838 1027 ἃ
861 986 1064 1037 expeditus
1081 995 1196 1034 eques
1214 1013 1226 1032 ,
1241 981 1348 1021 inde-

65 1050 227 1091 sinenter
251 1049 346 1089 locis
369 1049 546 1089 omnibus
570 1049 805 1099 vagabantur
821 1077 832 1096 ,
851 1049 885 1087 &
903 1077 913 1094 ‚
937 1046 1024 1096 quia
1044 1057 1204 1083 numero
1231 1044 1349 1084 etiam

42 1102 45 1104 ¹
67 1111 193 1154 multo
227 1119 334 1149 erant
361 1110 592 1161 superiores,
625 1110 730 1149 haud
756 1109 1001 1147 mediocriter
1026 1104 1208 1154 Caesarem
1236 1117 1352 1154 ange-

66 1173 168 1212 bant.
191 1173 302 1212 Forte
318 1173 459 1212 accidit
471 1203 482 1221 ‚
508 1182 550 1210 ut
566 1172 663 1212 Caesa
671 1173 716 1209 ris
731 1171 876 1220 equites
891 1198 902 1216 ,
920 1181 1009 1207 cum
1022 1197 1033 1214 ‚
1048 1167 1128 1206 Afri
1151 1165 1353 1215 cujusdam

67 1242 184 1274 cantu
221 1243 336 1284 atque
370 1233 566 1273 saltatione
600 1232 778 1279 deliniti,
805 1230 892 1269 lixis
922 1228 1193 1269 custodiendos
1227 1239 1349 1277 equos

65 1294 273 1343 dedissent,
296 1294 418 1334 subita
432 1295 690 1335 Numidarum
715 1294 930 1343 irruptione
947 1291 1188 1332 turbarentur
1203 1321 1214 1340 ‚
1233 1292 1268 1329 Sc
1288 1290 1351 1331 vix

64 1357 204 1400 insilire
232 1359 275 1396 in
301 1370 418 1407 equos
440 1366 551 1406 atque
576 1357 616 1395 in
642 1356 757 1394 castra
783 1353 955 1404 refugere
979 1352 1136 1402 pollent.

121 1420 164 1459 V.
194 1419 310 1470 Quod
335 1419 403 1457 nisi
432 1416 551 1459 Caesar
577 1415 677 1468 ipse,
700 1428 789 1455 cum
817 1414 942 1455 Afinio
963 1412 1134 1453 Pollione
1158 1414 1193 1452 ἅτ
1218 1411 1353 1451 instru-

67 1480 134 1525 ctis
157 1480 403 1529 cohortibus,
425 1478 604 1530 progressi
621 1487 728 1518 extra
750 1475 892 1516 vallum
915 1488 980 1514 eos
1005 1474 1249 1525 recepissent,
1274 1487 1353 1513 ma-

66 1555 140 1598 gna
165 1541 317 1590 clades,
338 1543 399 1588 &,
422 1550 465 1580 ut
487 1539 663 1580 nonnulli
691 1548 850 1591 putant,
872 1539 920 1578 ad
943 1538 1140 1578 summam—
1157 1539 1356 1578 victoriam

65 1603 225 1651 efficax,
248 1611 404 1654 accepta
428 1603 538 1641 foret.
567 1602 699 1652 ltaque
724 1601 844 1642 Caesar
869 1601 907 1640 in
928 1600 1142 1642 Sardiniam
1170 1599 1352 1649 nuntios,

66 1665 108 1702 in
130 1663 297 1703 Siciliam
323 1663 518 1703 Rabirium
539 1662 758 1702 Postumum
779 1663 900 1701 mittit
921 1663 969 1701 ad
991 1661 1228 1701 arceffendos
1253 1673 1355 1700 com-

8 1774 11 1776 *
66 1733 226 1769 meatus,
248 1724 348 1763 Huic
361 1724 495 1765 decem
509 1722 631 1774 longae
658 1736 772 1764 naves
789 1723 996 1770 attributae,
1026 1723 1326 1772 mandatumque
1340 1753 1355 1771 ,

67 1795 134 1833 ut5
150 1783 366 1834 priusquam
387 1784 426 1825 in
452 1783 618 1823 Siciliam
641 1785 900 1832 transjiceret,
927 1784 975 1823 ad
999 1783 1275 1834 conquirendas
1298 1796 1356 1822 re-

65 1845 190 1897 liquas
223 1858 367 1892 naves,
398 1858 480 1896 quae
507 1846 797 1893 deerraverant‚
821 1848 855 1886 ἃ
886 1847 1072 1886 tuendum
1106 1847 1153 1885 ab
1182 1845 1355 1885 hostibus

67 1920 196 1956 mare,
220 1907 437 1950 circumiret
460 1907 636 1947 Africam.
686 1907 728 1947 C.
756 1906 948 1947 Sallustius
976 1917 1112 1958 praetor
1140 1920 1228 1946 cum
1249 1915 1357 1958 parte

67 1969 222 2008 navium
256 1969 485 2008 Cercinnam
509 1968 562 2006 ire
586 1967 725 2021 jussus,
752 1980 834 2018 quae
861 1968 907 2008 ab
936 1968 1105 2009 hostibus
1132 1963 1354 2019 teneb'atur3

69 2030 137 2070 ubi
163 2044 291 2082 magna
318 2029 516 2070 dicebatur
541 2029 603 2085 effe
614 2029 785 2082 frumenti
805 2030 915 2082 copiar
936 2030 1030 2070 Haec
1045 2031 1097 2068 ita
1117 2029 1357 2081 imperaban-

69 2101 155 2141 tur,
180 2100 223 2131 ut
247 2091 484 2147 suscipienda
507 2091 582 2131 fine
609 2092 857 2142 conditione,
881 2101 993 2153 atque
1013 2091 1252 2142 exsequenda
1276 2091 1354 2133 sine

68 2165 176 2195 mora
202 2151 345 2202 effent3
372 2165 496 2204 neque
517 2151 594 2196 ulla
616 2153 840 2223 excusatio,
863 2147 944 2193 fieri
968 2152 1114 2204 posset,
1129 2165 1273 2202 necne,
1295 2165 1355 2192 re-

70 2215 296 2272 cipiebatur.

122 2278 186 2317 Vl.
218 2278 318 2317 Inter
356 2277 437 2317 haec
464 2286 650 2330 occupata
681 2278 928 2329 praesidioque
959 2277 1022 2317 sex
1050 2276 1270 2317 cohortium
1291 2276 1352 2316 fir*

69 2347 173 2379 mata
197 2339 328 2395 Lepti,
362 2339 571 2397 Ruspinam
598 2340 804 2394 regressus,
826 2340 1040 2394 frumentum
1064 2341 1103 2378 in
1122 2340 1218 2392 agris
1244 2353 1351 2391 reper-

120 2458 224 2500 5111.
249 2458 324 2491 Liv.
348 2460 396 2502 Ep
401 2460 439 2492 it.
463 2459 599 2502 Ioseph.
616 2460 711 2504 antiq
715 2462 858 2494 ..Strab
875 2458 1351 2503 1.16.§1V.P1·m.15‚19

72 2493 140 2539 ἷᾞ
145 2502 216 2537 don
239 2502 262 2535 I
287 2515 336 2540 ιι
353 2504 440 2540 Plur.
464 2506 497 2537 'm
525 2504 609 2539 Caes.
635 2517 662 2538 c.
690 2515 744 2547 71.
772 2506 856 2549 §V
876 2504 999 2538 Amor
1023 2504 1116 2538 deB.
1141 2502 1246 2537 Afric.
