1685 3042
294 227 374 275 IN
409 225 578 274 LOC.
626 224 765 269 LIB.
817 221 951 266 CXX
989 221 1132 266 LIV.
1285 233 1376 280 2¹7

101 340 290 381 tremum,
313 334 528 383 Plancoque
554 331 755 381 negotium
788 328 916 375 dedit,
947 327 994 365 de
1017 326 1134 366 salute
1158 327 1198 366 L.
1224 324 1377 366 Caesaris

102 396 304 437 referendi.

159 458 306 498 LXXI.
339 458 413 498 Sed
441 459 476 496 &
502 456 550 495 ab
572 455 658 506 ipsis
682 453 870 495 militibus
903 451 1081 491 nonnulli
1112 451 1245 490 servati
1269 450 1382 488 sunt:

106 532 269 570 quorum
299 530 428 562 tamen
458 518 726 558 benevolentia
762 518 903 567 Largus
935 516 1000 554 diu
1029 514 1102 553 frui
1130 526 1208 551 non
1237 511 1381 562 potuit.

107 593 196 620 cum
228 583 330 620 enim
365 581 482 621 alium
514 590 747 632 quaerentes„
785 579 888 617 hunc
917 575 1165 627 reperissent3
1191 573 1286 612 moti
1313 571 1387 610 ho-

94 643 220 688 ⁴minis
251 643 500 693 infelicitate,
529 645 593 695 qui
624 651 782 693 captus,
809 650 1016 690 antequam
1040 637 1239 687 vestigatus
1269 633 1386 680 estet,

108 706 150 745 in
175 707 389 755 proximam
409 707 534 746 silvam
557 707 756 757 perfugere
781 703 978 754 jusserunt.
1001 701 1071 741 Ille
1094 701 1210 750 igitur
1231 699 1271 736 in
1293 695 1390 736 alios

100 768 309 818 sincidens,
338 771 386 808 ad
409 770 551 819 priores
576 768 759 816 recurrit,
778 781 843 805 vos
863 781 914 805 me
937 766 1058 819 potius
1089 762 1284 813 interficite,
1314 757 1390 796 cla-

109 832 277 881 mitans,
305 834 446 885 quando
471 831 696 870 nihilominus
719 831 765 883 est
782 830 1014 881 pereundum.-
1033 840 1100 865 vos
1121 825 1242 878 potius
1265 822 1394 892 capitis

111 893 177 930 mei
203 895 381 946 praemium
410 894 560 946 accipere
586 907 716 945 aequum
743 894 805 944 est,
828 893 888 944 qui
911 906 961 930 me
980 893 1118 944 servare
1141 888 1312 939 voluistis.

177 952 341 993 LXXII.
384 954 541 1004 AEquior
562 953 715 993 fortuna
749 954 919 1003 Virginio
957 952 1054 999 fuit,
1085 949 1149 1000 qui
1176 947 1279 987 suavi
1310 944 1394 984 elo-

112 1014 202 1063 quio
219 1015 420 1064 praeditus,
441 1016 605 1065 primum
633 1014 743 1053 servis
770 1015 841 1052 suis
867 1013 1064 1064 persuasit,
1087 1013 1128 1064 fi'
1147 1009 1304 1062 prodito,
1324 1019 1396 1043 mo-

113 1076 228 1113 dicum
241 1107 252 1124 ,
268 1077 368 1113 immo
390 1077 550 1114 incertum
563 1106 573 1124 ,
586 1077 760 1130 preamium
779 1076 959 1114 habituros
976 1104 986 1121 ,
1010 1089 1084 1112 cum
1108 1082 1271 1125 perpetua
1287 1067 1398 1119 turpi-

111 1140 232 1177 tudine
259 1140 294 1178 &
321 1152 439 1187 metu3
455 1140 618 1191 servato,
639 1140 841 1192 praeclaram
870 1137 1114 1190 conscientiam
1139 1135 1174 1173 δ’
1206 1130 1398 1184 aliquando

106 1200 247 1253 famam
274 1201 386 1253 fabii,
413 1203 481 1255 fed
507 1204 542 1241 δ’
569 1203 748 1239 mercedem
779 1202 879 1251 longe
907 1200 1065 1251 majorem
1097 1208 1199 1248 atque
1228 1194 1399 1232 certiorem

113 1263 294 1301 relaturos.
331 1263 390 1303 Ita
418 1275 508 1302 cum
538 1262 596 1301 his
623 1263 761 1302 eodem
795 1261 928 1300 habitu
958 1260 1175 1309 fugientem
1201 1256 1301 1294 naeti
1327 1252 1400 1290 mi·

118 1322 203 1364 lites
227 1334 475 1375 agnoverunt.
505 1337 629 1374 neque
660 1324 723 1362 hic
753 1336 843 1362 eum
875 1321 1058 1361 facundia
1091 1319 1155 1358 sua
1179 1325 1246 1356 aut
1277 1313 1401 1353 felici·

118 1394 176 1424 tas
198 1386 383 1433 deseruit,
408 1399 484 1435 quo
510 1387 634 1424 minus
666 1387 701 1424 ἃ
724 1384 765 1422 hi
792 1383 1037 1433 sequerentur
1071 1393 1161 1419 eum
1189 1379 1237 1416 ad
1272 1388 1403 1422 mare,

117 1448 321 1497 pecuniam
351 1449 480 1498 potius
513 1447 560 1486 ab
592 1446 777 1486 incolumi
811 1445 1010 1484 voluntate
1037 1441 1152 1492 ipsxus
1181 1436 1401 1486 accepturi,

119 1522 235 1558 quam
271 1518 427 1559 propter
463 1507 633 1547 occisum
682 1521 749 1558 per
780 1506 913 1546 scelus.
943 1504 1019 1545 Sed
1057 1502 1124 1542 ubi
1160 1511 1320 1540 ventum
1351 1496 1403 1536 ad

118 1569 208 1610 litus
233 1570 307 1616 est,
330 1572 410 1619 jam
432 1569 725 1621 abnavigaverat
750 1582 871 1617 uxor,
892 1580 975 1618 quae
1001 1578 1049 1605 ex
1069 1562 1281 1614 compofito
1312 1571 1403 1598 cum

121 1631 290 1669 nummis
321 1643 366 1668 eo
397 1629 623 1677 accesserat,
652 1629 767 1668 abisse
798 1631 878 1678 jam
911 1635 990 1666 rata
1026 1625 1162 1665 virum.
1203 1622 1327 1661 servus
1349 1629 1406 1658 ta-

122 1706 233 1740 men,
256 1694 296 1731 in
321 1691 431 1731 litore
464 1692 514 1730 ob
542 1691 618 1730 hoc
644 1691 818 1740 relictus,
844 1693 881 1731 δε
904 1701 1041 1729 navem
1065 1684 1405 1730 commonstravit,

125 1755 162 1793 6:
184 1766 339 1792 omnem
374 1752 554 1803 exposuit
575 1754 628 1791 rei
661 1753 852 1793 ordinem.

192 1814 382 1855 LXXIII.
410 1815 532 1865 Igitur
562 1823 695 1854 orante
725 1815 925 1865 Virghrio,
957 1812 1217 1866 &spemn-m,
1241 1809 1322 1846 dum
1348 1821 1406 1845 re-

125 1889 305 1915 vocaretur
338 1891 452 1922 uxor,
480 1889 544 1914 aut
575 1877 614 1914 in
643 1876 771 1914 Sicilia
803 1877 995 1929 acciperent
1026 1887 1208 1920 nummos,
1242 1872 1283 1909 in
1319 1868 1405 1908 sca-

127 1939 246 1990 pham
286 1938 552 1988 imposuerunt
588 1951 701 1986 eum,
735 1938 925 1989 alacrique
961 1937 1121 1987 remigio
1152 1938 1407 1985 pervexerunt

129 2003 171 2039 in
196 1999 383 2040 insulam:
419 2012 585 2050 cumque
613 2000 686 2039 fibi·
705 2012 794 2040 cum
815 1999 893 2038 fide
918 1997 1061 2037 exsolvi
1089 1994 1267 2047 promiffa
1293 1991 1409 2032 vidis-

129 2066 233 2111 sent,
267 2064 382 2113 hujus
412 2063 482 2101 viri
505 2062 735 2102 comitatum
767 2062 1003 2101 sacramento
1037 2060 1103 2099 suo
1133 2057 1406 2110 praetulerunt3

128 2126 422 2175 manseruntque
447 2138 536 2164 cum
563 2138 609 2163 eo
636 2124 751 2174 usque
775 2125 823 2164 ad
849 2123 954 2174 pacis
986 2131 1174 2173 tempora.
1211 2120 1293 2171 Ipsa
1313 2131 1410 2168 quo-

132 2203 207 2239 que
239 2188 560 2229 Triumvirorum'
582 2186 723 2226 discors
761 2186 990 2232 concordia,
1021 2185 1115 2224 dum
1148 2183 1211 2222 alii
1246 2180 1409 2221 exosum

130 2251 274 2290 servare
316 2257 477 2288 conatur
506 2248 602 2287 alius
624 2280 634 2297 ,
675 2256 741 2287 aut
771 2258 904 2287 contra
936 2255 1084 2298 gratum
1117 2245 1181 2285 alii
1212 2244 1404 2295 perdere,

130 2325 310 2362 magnam
338 2323 385 2350 eo
418 2320 592 2360 tempore
620 2308 1021 2361 varietatemscasuum
1048 2307 1209 2357 peperit.
1250 2314 1406 2352 tamque

130 2377 286 2415 fuerunt
308 2375 452 2413 incerta
479 2374 635 2422 omnia,
663 2383 705 2411 ut
732 2371 824 2411 alias
853 2374 1007 2422 praemia
1033 2367 1294 2421 proditoribus
1324 2364 1408 2403 suo-

132 2450 216 2476 rum
230 2467 241 2485 ,
261 2436 351 2475 alias
378 2435 563 2487 supplicia
582 2431 948 2486 repraesentarentur.

178 2538 202 2586 g
228 2538 379 2572 Lxxm.
400 2538 480 2572 Dio.
