1685 3042
290 237 347 283 82
425 235 518 282 JO.
561 230 1054 279 FR'EINSHEMII
1095 233 1446 282 SUPPLEM.

286 345 379 382 tiara
404 341 564 380 habuit:
590 348 864 391 petentemque
881 339 1123 379 consulatum
1147 340 1241 379 hora
1266 339 1424 392 septima
1437 355 1575 382 renun-

286 405 395 444 tiavit
425 402 620 444 consulem
647 403 688 442 C.
717 402 924 442 Caninium
954 402 996 442 C.
1018 402 1057 442 F.
1078 403 1120 442 C.
1136 404 1185 442 N.
1211 403 1417 453 Rebilum,
1434 407 1500 455 qui
1513 407 1573 445 us-

287 482 363 520 que
391 468 439 507 ad
464 466 657 508 Kalendas
686 465 776 504 effet
791 495 802 513 ,
825 477 908 517 quae
932 465 1052 504 essent
1076 465 1224 506 futurae·
1240 467 1434 518 postridie.

343 531 434 572 XII.
465 531 559 570 Haec
583 529 710 569 referri
738 526 876 567 melius
902 540 981 566 non
1012 535 1194 578 potuere,
1214 541 1330 579 quam
1360 529 1485 570 verbis
1511 530 1573 571 Ci-

284 588 461 640 ceronis,
487 591 550 642 qui
587 590 785 638 interfuit3
816 601 941 639 neque
971 590 1071 629 dicta
1107 592 1459 646 praeterlmit-tenda,
1481 594 1572 644 qui-

284 655 356 694 bus
378 652 595 693 consulatus
624 651 687 690 iste
715 649 857 690 derisus
881 650 943 689 est.
988 652 1139 690 caninio
1165 653 1303 706 consule
1321 654 1499 708 prandtſji
1517 669 1575 692 ne·

282 720 405 756 minem
419 733 434 764 ,-
451 731 524 754 eum
543 726 645 753 tanta
653 713 759 766 fiziffe
774 712 982 765 vigilantia,
997 724 1037 751 ut
1048 725 1122 752 toto
1134 715 1316 768 consiilatu
1326 717 1396 768 fito
1408 717 1569 769 sbmnum

281 794 351 819 non
368 780 515 825 viderit,
535 775 731 817 Ciceronis
752 774 846 814 sales
863 774 972 815 sunt:
991 787 1095 813 antea
1112 776 1282 824 flamines
1297 778 1433 816 Diales
1448 778 1571 831 fiziffe‚

281 857 374 881 nunc
406 841 587 894 consules,
619 837 796 879 Pitholai.
834 837 909 877 Sed
944 839 979 876 ἃ
1013 838 1062 876 ad
1092 837 1334 878 salutandum
1369 840 1567 881 consulem

279 905 390 943 ituris
406 934 417 952 ,
441 915 669 949 maturemus,
693 900 820 950 inquit
842 899 974 938 Cicero
989 929 1000 947 ,
1019 913 1084 947 ne,
1105 901 1310 953 priusquam
1336 904 1539 942 accedamus
1556 933 1568 951 2

278 968 339 1006 ille
370 966 550 1020 consulatu
582 965 718 1003 abeat.-
757 963 939 1012 idemque
972 962 1107 1002 Graeco
1136 963 1253 1003 verbo
1281 965 1566 1019 λογοῢεώρητοι·

279 1026 499 1079 appellabat
516 1023 712 1065 consulem
731 1054 741 1072 ,
765 1032 949 1074 tanquam
973 1023 1038 1073 qui
1056 1023 1162 1064 sensu
1182 1025 1331 1076 percipi
1357 1028 1530 1077 nequiret
1551 1040 1561 1067 :

277 1093 381 1145 idque
403 1090 616 1142 consecutum
638 1088 700 1140 ff
723 1087 910 1127 caninium
940 1087 1116 1136 dicebat,
1141 1100 1203 1136 ut,
1223 1091 1349 1142 quibus
1371 1092 1569 1144 consulibus

276 1154 401 1206 consul
410 1192 415 1197 ,
418 1153 532 1206 ficerir
548 1181 560 1200 ,
584 1163 792 1204 quareretur.
821 1150 896 1189 Sed
925 1157 1055 1188 tamen
1079 1162 1135 1189 res
1161 1150 1200 1188 in
1226 1150 1452 1202 exemplum
1477 1153 1572 1201 ivit,

276 1228 402 1266 neque
427 1215 570 1254 deinde
595 1213 805 1263 quidquam
836 1211 910 1250 fuit
939 1210 1132 1259 usitatius,
1153 1224 1267 1261 quam
1293 1223 1336 1251 ut
1358 1213 1474 1252 multi
1507 1226 1569 1252 eo-

279 1281 369 1318 dem
403 1290 504 1317 anno
540 1274 737 1323 consules,
774 1276 809 1314 ἃ
836 1273 1008 1323 plerique
1036 1274 1075 1312 in
1110 1273 1285 1318 bimestre
1319 1285 1564 1326 crearentur3

278 1342 386 1381 annis
413 1339 571 1379 nomina
600 1339 753 1383 darent,
792 1337 854 1386 qui
884 1348 930 1374 ex
959 1336 1041 1375 Kal.
1068 1336 1258 1384 ,Ianuariis
1289 1336 1457 1378 fuissent.

334 1402 442 1441 XIII.
473 1400 629 1440 Ceteros
661 1398 893 1449 magistratus
919 1399 959 1437 in
986 1398 1152 1448 speciem
1180 1412 1287 1438 more
1316 1400 1476 1450 antiquo
1501 1412 1572 1450 po-

275 1464 391 1515 pulus
430 1463 572 1509 dabat,
602 1462 798 1501 recusante
832 1473 970 1498 munus
999 1460 1096 1499 istud
1135 1460 1302 1500 Caesare:
1340 1461 1407 1500 sed
1436 1471 1567 1501 tamen

275 1538 400 1574 neque
420 1533 553 1563 contra
577 1522 815 1563 voluntatem
833 1523 918 1570 ejus
940 1521 1109 1567 fiebant,
1126 1524 1161 1561 δε
1178 1523 1387 1572 provinciae
1408 1522 1456 1561 ab
1481 1522 1566 1572 ipso

275 1586 560 1626 mandabantur
600 1595 703 1624 extra
744 1584 896 1623 sortem.
942 1584 1134 1623 Numerus
1173 1583 1302 1622 adhuc
1344 1592 1563 1623 ceterorum

274 1650 405 1697 idem3
431 1647 494 1687 sed
514 1657 692 1698 praetores
709 1659 754 1685 eo
779 1659 880 1684 anno
905 1645 1219 1695 quatuordecim,
1247 1645 1447 1695 quaestores
1474 1659 1566 1695 qua-

277 1713 448 1762 draginta
473 1711 600 1750 creati.
621 1712 704 1751 Nec
726 1711 831 1749 enim
856 1718 936 1748 erat
961 1708 1032 1747 alia
1054 1709 1295 1748 maturandis
1325 1708 1448 1751 civilis
1474 1707 1564 1748 belli

273 1775 440 1826 praemiis
471 1773 686 1824 expeditior
712 1772 820 1811 ratio.
863 1770 1107 1820 Eandemque
1132 1769 1183 1809 ob
1215 1768 1367 1809 causam
1396 1769 1562 1822 collegio

276 1839 500 1890 quindecim
524 1838 691 1877 virorum
726 1837 899 1886 adjectus
930 1847 1027 1874 unus
1052 1835 1128 1885 est,
1157 1835 1194 1874 8:
1221 1834 1463 1885 septemviris
1489 1843 1565 1874 tres

275 1901 411 1941 additi.

329 1962 435 2002 XlV.
467 1961 512 2001 In
539 1960 768 2001 senatorium
786 1959 939 2010 quidem
970 1958 1146 1998 ordinem
1177 1955 1368 2008 allegebat
1393 1957 1468 1996 sine
1492 1957 1568 1997 dis-

275 2026 434 2065 crimine
463 2023 604 2064 milites
625 2055 636 2072 ,
661 2023 881 2070 libertinos,
909 2023 1062 2061 civitate
1092 2033 1223 2060 recens
1254 2021 1446 2069 donatos,
1476 2019 1565 2060 Gal-

275 2086 333 2127 los
361 2087 453 2137 quin
490 2088 608 2125 etiam
640 2085 937 2133 semibarbaros,
967 2086 1078 2124 aucto
1118 2084 1168 2123 ad
1200 2091 1416 2133 nongentos
1451 2081 1563 2122 sena·

273 2159 403 2190 torum
432 2163 602 2190 numero.
643 2149 753 2189 Unde
787 2158 961 2199 rogatum
991 2161 1012 2187 a
1037 2148 1208 2199 quodam
1236 2147 1486 2194 Ciceronem,
1509 2145 1562 2183 uti

268 2213 434 2266 privigno
450 2213 517 2265 suo
546 2212 802 2250 decurionatum
824 2212 1023 2264 expediret,
1056 2207 1286 2260 respondisse
1316 2208 1463 2255 ferunt,
1489 2208 1564 2245 Ro-

274 2276 399 2326 mae‚fi
414 2275 486 2323 vis,
509 2273 671 2322 habebit,·
691 2272 868 2326 Pompejis
891 2272 1032 2326 difficile
1051 2273 1104 2325 est.
1125 2272 1159 2310 ἃ
1185 2270 1233 2320 Q
1250 2268 1403 2310 Sextius
1428 2277 1536 2318 pater
1551 2298 1566 2315 ‚

325 2408 346 2451 §
370 2407 428 2440 XI.
450 2407 593 2440 Sueton.
621 2406 655 2439 in
688 2406 771 2439 Caes.
798 2418 826 2438 c.
858 2405 917 2447 76,
943 2405 976 2437 ὃ(
1007 2405 1132 2437 Neron.
1158 2415 1188 2436 c.
1216 2414 1267 2443 ις.
1300 2402 1446 2446 Appian.
1478 2400 1561 2434 Dio.

281 2453 356 2485 cic.
378 2453 532 2486 familiar.
558 2465 599 2492 7¹,
624 2452 775 2495 30.P1·1n.
799 2461 819 2491 7
835 2477 842 2491 ,
864 2461 914 2491 53.
940 2449 1020 2482 Fasti
1039 2450 1186 2489 Capitol.
1205 2447 1314 2481 Tacit.
1341 2447 1360 2472 θ
1382 2446 1456 2479 XII.
1482 2446 1556 2480 Cic.

273 2497 360 2574 νἶίέὶᾳ.
394 2499 546 2532 Maeror).
571 2498 738 2531 Saturnal.
767 2507 782 2529 2
800 2522 809 2538 ,
828 2507 859 2529 2.
885 2495 974 2529 Plut.
997 2495 1032 2527 in
1053 2493 1137 2528 Caes.
1166 2505 1194 2526 c.
1217 2494 1270 2527 61.
1304 2471 1445 2537 §541st
1473 2490 1554 2525 Dio.

307 2552 384 2577 acrt.
586 2558 590 2561 ’

1671 2334 1681 2410 ἐ
