1685 3042
341 220 399 255 10
464 207 556 254 JO.
592 204 1122 254 FREINSHEMII
1159 207 1526 259 SUPPLEMs

336 325 482 360 cornu,
501 312 569 353 ubi
585 313 689 353 sexta
710 313 812 364 legio
839 314 1067 354 constiterat.
1096 313 1252 355 Sinistro
1267 344 1277 363 ,
1295 315 1497 365 mediaque
1519 315 1622 365 acie,

334 377 500 424 tardius,
523 375 589 416 sed
619 384 749 417 tamen
767 377 960 428 profligati
986 378 1073 417 sunt
1099 378 1213 428 regii,
1236 379 1272 417 &
1293 391 1360 428 per
1385 379 1621 428 praecipitem

331 436 475 477 vallem
498 438 596 485 acti,
616 437 739 495 lmulti
766 437 893 477 hostili
922 438 1050 486 ferro,
1080 438 1146 477 alii
1180 438 1332 478 suorum
1365 439 1623 479 incidentium

334 500 508 550 pondere
529 500 830 550 procubuerunt.
852 501 917 550 qui
944 509 1073 539 autem
1098 500 1292 540 celeritate
1314 501 1456 552 pestem
1481 508 1623 540 utram-

335 575 410 612 que
427 561 660 610 vitaverant,
677 570 720 602 ut
749 563 964 614 expeditius
993 563 1191 615 fugerent,
1211 564 1326 603 armis
1349 565 1550 615 projectis,
1571 564 1622 604 ad

332 623 397 664 sua
431 625 548 664 castra
576 626 872 665 contenderunt.
985 621 988 624 ’

385 689 537 729 XXIII.
568 691 618 728 At
643 689 832 738 Romani,
861 702 939 727 non
961 690 1136 728 contenti
1164 689 1434 739 persequendis
1468 690 1517 729 ad
1542 689 1621 729 ima

286 776 289 779 »
329 750 489 790 vallium
519 751 715 798 hostibus,
758 752 807 790 ad
836 750 994 790 alteram
1031 760 1181 802 partem
1213 751 1438 799 ascendere,
1465 751 1621 801 vimque

328 813 457 852 facere
475 821 698 863 coeperunt3
727 825 850 862 neque
874 810 1020 859 hostes,
1043 823 1277 864 quamquam
1299 824 1319 849 e
1339 811 1532 861 superiore
1558 811 1621 849 lo-

332 887 405 922 co,
440 887 619 924 magnam
652 886 801 912 moram
836 873 993 921 injicere
1024 871 1189 909 inermes
1215 879 1402 920 poterant.
1441 871 1502 912 Sic
1531 872 1620 911 enisi

327 936 469 976 milites
499 936 633 975 eadem
663 935 858 974 alacritate
886 933 1003 972 castra
1028 941 1328 983 oppugnarunt,
1359 934 1420 980 δε,
1443 932 1616 982 nequid-

328 1012 445 1049 quam
481 996 779 1038 defendentibus
798 1026 812 1042 ‚
846 1008 929 1045 quae
959 994 1130 1044 praefidio
1164 994 1317 1033 fuerant
1347 994 1513 1043 relictae,
1543 1006 1617 1034 co-

327 1062 526 1110 hortibus,
563 1068 760 1111 ceperunt.
792 1060 848 1108 ‚Ea
870 1067 1000 1098 tamen
1021 1071 1130 1097 mora
1151 1057 1316 1108 spatium
1343 1058 1528 1099 Pharnaci
1553 1060 1619 1098 de-

328 1126 410 1173 dit,
439 1124 568 1175 paucis
601 1136 693 1163 cum
722 1123 914 1172 equitibus
941 1122 979 1160 se
1010 1121 1268 1171 proripiendi,
1296 1134 1345 1160 ne
1376 1123 1486 1161 vivus
1514 1123 1620 1161 veni-

327 1193 385 1226 ret
399 1187 439 1226 in
460 1186 624 1226 hostium
641 1185 881 1237 potestatem.
911 1184 1102 1224 exercitus
1125 1183 1214 1222 sane
1237 1192 1340 1223 totus
1362 1184 1494 1234 periit,
1511 1184 1619 1223 omni

328 1256 393 1288 aut
423 1247 546 1287 occisa
583 1247 799 1297 regiorum,
832 1252 899 1284 aut
936 1253 1050 1295 capta
1088 1244 1351 1284 multitudine„
1395 1244 1527 1286 Rebus
1559 1244 1620 1285 his

325 1308 606 1362 praeciariffime
635 1307 769 1359 gestis,
803 1318 941 1356 magna
973 1304 1104 1344 laetitia
1132 1304 1284 1345 Caesaris
1311 1305 1407 1353 fuit,
1434 1305 1540 1355 quod
1581 1307 1618 1346 Sc

328 1371 454 1412 facilis
480 1370 636 1410 victoria
676 1382 724 1408 ex
760 1367 993 1408 difficillimo
1032 1367 1143 1406 initio
1184 1367 1396 1415 exstiterat,
1428 1369 1464 1407 δι
1498 1365 1621 1406 hostis

327 1447 408 1473 non
443 1432 737 1472 contemnendae
769 1430 964 1481 opinionis
1001 1430 1078 1470 fine
1113 1429 1191 1470 ulla
1227 1430 1317 1470 belii
1357 1443 1464 1469 mora
1496 1429 1623 1470 vitius

329 1504 421 1534 erat.
462 1495 645 1545 ajuntque
669 1493 828 1546 Pompeji
854 1493 1055 1546 praea'icaffe
1080 1492 1291 1545 felicitatem
1307 1523 1319 1542 ‚
1345 1494 1402 1531 cui
1431 1507 1476 1531 ex
1502 1507 1540 1530 eo
1559 1505 1621 1544 ge-

328 1573 406 1596 nere
433 1558 573 1610 hostium
605 1570 680 1596 cum
712 1557 846 1610 ingenti
876 1557 989 1609 gloria
1023 1569 1281 1609 cognomentum
1310 1556 1445 1609 Magni
1473 1567 1618 1609 partum

329 1619 421 1673 effet-
701 1625 703 1627 ·
1247 1668 1262 1673 f

396 1689 543 1731 XXIV.
599 1691 746 1729 Romam
789 1701 875 1728 certe
911 1687 1081 1742 sbripfiffe
1117 1673 1286 1727 crediffir¹
1325 1688 1530 1726 celebratum
1568 1687 1620 1725 il-

333 1753 424 1801 lud,
463 1752 675 1790 velocitatem
705 1753 854 1790 vinoriae
888 1752 987 1803 curfic
1023 1752 1058 1790 ἑ*
1090 1752 1260 1789 brevitate
1294 1751 1471 1789 verborum
1505 1749 1622 1802 expri-

332 1829 453 1863 mens,
487 1815 597 1862 Veni,
622 1813 730 1860 vidi,
753 1813 850 1853 vici:
880 1813 1086 1864 eundemque
1116 1812 1232 1865 postea
1263 1810 1404 1849 titulum
1437 1811 1527 1848 inter
1548 1810 1622 1861 fer.

333 1878 414 1917 cula
449 1878 612 1931 triumphi
647 1876 843 1929 praetultffi,
904 1876 952 1915 At
982 1874 1203 1923 Domitius,
1246 1873 1295 1912 ad
1339 1871 1621 1922 insequendum

329 1938 564 1980 Pharnacem
607 1939 763 1988 missus,
790 1940 960 1990 Sinopen
998 1937 1168 1978 delatum
1207 1949 1297 1975 cum
1341 1934 1446 1988 inille
1479 1933 1616 1973 admo-

331 1999 425 2039 dum
453 1999 665 2050 equitibus,
689 2002 753 2050 qui
777 2001 826 2039 ad
849 2013 937 2039 eum
962 2012 1010 2039 ex
1033 1999 1123 2051 fuga
1148 2003 1433 2043 convenerant,
1455 2003 1619 2045 accepto

331 2062 373 2100 in
402 2062 640 2102 deditionem
666 2063 837 2113 oppido,
862 2063 1006 2102 salvum
1029 2062 1133 2101 abire
1160 2059 1338 2111 permisit.
1366 2057 1452 2107 lile,
1479 2070 1620 2109 magna

333 2122 486 2163 suorum
519 2125 780 2176 indignatione
818 2127 925 2177 equis
963 2125 1198 2171 interfecTtis,
1232 2124 1272 2162 in
1304 2135 1419 2162 naves
1450 2121 1490 2160 se
1520 2133 1619 2160 con-

332 2187 449 2234 tulit,
488 2189 710 2240 vagatusque
738 2191 882 2229 circum
918 2191 1093 2230 Ponticas
1127 2196 1280 2240 genteS,
1301 2200 1321 2226 e
1346 2186 1499 2238 Scythis
1537 2187 1620 2226 Sar-

333 2248 519 2300 matisque
560 2252 752 2291 contraxit
792 2252 1026 2292 mediocrem
1076 2250 1393 2298 multitudinem,
1435 2248 1619 2290 Theodo-

337 2311 505 2362 fiamque
542 2314 578 2352 <Sc
602 2313 884 2364 Panticapaeum
917 2314 1072 2365 recepit.
1114 2314 1210 2354 Inde
1234 2307 1271 2351 bi
1297 2313 1505 2363 adjungere
1533 2323 1621 2361 pro-

333 2375 438 2414 xima
472 2387 630 2425 quaeque
667 2376 822 2426 Bospori
857 2384 1089 2422 conantem,
1123 2374 1279 2415 Asandri
1315 2385 1417 2412 arma
1454 2383 1618 2420 excepe-

336 2445 453 2478 runt:
488 2437 702 2488 proelioque
737 2437 961 2486 commisso,
990 2450 1105 2486 cum,
1130 2435 1234 2486 quod
1263 2433 1408 2474 roboris
1431 2431 1621 2480 habebat,

380 2552 403 2595 5
428 2551 552 2588 XXIII.
580 2553 667 2587 Pint.
692 2554 726 2586 'm
751 2554 835 2589 Caes.
861 2566 889 2587 c.
911 2564 965 2598 73.
991 2553 1068 2586 Liv.
1092 2552 1182 2597 Epir.
1206 2552 1351 2596 Appian.
1375 2549 1472 2583 civil..
1490 2550 1515 2583 l.
1542 2557 1574 2582 2.
