<?xml version="1.0" encoding="UTF-8"?>
<!DOCTYPE html PUBLIC "-//W3C//DTD XHTML 1.0 Transitional//EN"
    "http://www.w3.org/TR/xhtml1/DTD/xhtml1-transitional.dtd">
<html xmlns="http://www.w3.org/1999/xhtml" xml:lang="en" lang="en">
 <head>
  <title>
</title>
<meta http-equiv="Content-Type" content="text/html;charset=utf-8" />
  <meta name='ocr-system' content='tesseract 3.04.00' />
  <meta name='ocr-capabilities' content='ocr_page ocr_carea ocr_par ocr_line ocrx_word'/>
</head>
<body>
  <div class='ocr_page' id='page_1' title='image "./historiarumlibri11livyuoft_0180.png"; bbox 0 0 1685 3042; ppageno 0'>
   <div class='ocr_carea' id='block_1_1' title="bbox 233 212 1424 281">
    <p class='ocr_par' dir='ltr' id='par_1_1' title="bbox 233 212 1424 281">
     <span class='ocr_line' id='line_1_1' title="bbox 233 212 1424 281; baseline -0.006 -13"><span class='ocrx_word' id='word_1_1' title='bbox 233 225 330 281; x_wconf 56' lang='lat'><strong>¹372.</strong></span> <span class='ocrx_word' id='word_1_2' title='bbox 396 216 486 267; x_wconf 83' lang='lat' dir='ltr'><strong>JO.</strong></span> <span class='ocrx_word' id='word_1_3' title='bbox 517 213 1011 264; x_wconf 83' lang='lat' dir='ltr'><strong>FREINSHEMII</strong></span> <span class='ocrx_word' id='word_1_4' title='bbox 1057 212 1424 262; x_wconf 72' lang='lat' dir='ltr'><strong>SUPPLEM:</strong></span> 
     </span>
    </p>
   </div>
   <div class='ocr_carea' id='block_1_2' title="bbox 221 320 1527 1749">
    <p class='ocr_par' dir='ltr' id='par_1_2' title="bbox 225 320 1523 441">
     <span class='ocr_line' id='line_1_2' title="bbox 225 320 1523 379; baseline -0.003 -13"><span class='ocrx_word' id='word_1_5' title='bbox 225 325 372 379; x_wconf 62' lang='lat' dir='ltr'><strong>sponte,</strong></span> <span class='ocrx_word' id='word_1_6' title='bbox 401 327 467 379; x_wconf 90' lang='lat' dir='ltr'><strong>sed</strong></span> <span class='ocrx_word' id='word_1_7' title='bbox 495 324 611 379; x_wconf 73' lang='lat' dir='ltr'><strong>finali</strong></span> <span class='ocrx_word' id='word_1_8' title='bbox 641 326 792 379; x_wconf 79' lang='lat' dir='ltr'><strong>quodam</strong></span> <span class='ocrx_word' id='word_1_9' title='bbox 830 323 1048 377; x_wconf 69' lang='lat' dir='ltr'><strong>infortunio,</strong></span> <span class='ocrx_word' id='word_1_10' title='bbox 1076 323 1227 372; x_wconf 68' lang='lat' dir='ltr'><strong>vtrafi‘um</strong></span> <span class='ocrx_word' id='word_1_11' title='bbox 1260 323 1310 361; x_wconf 81' lang='lat' dir='ltr'><strong>ad</strong></span> <span class='ocrx_word' id='word_1_12' title='bbox 1341 320 1523 376; x_wconf 64' lang='lat' dir='ltr'><strong>conspiret-¹</strong></span> 
     </span>
     <span class='ocr_line' id='line_1_3' title="bbox 234 388 453 441; baseline 0.009 -15"><span class='ocrx_word' id='word_1_13' title='bbox 234 391 357 428; x_wconf 79' lang='lat' dir='ltr'><strong>tionem</strong></span> <span class='ocrx_word' id='word_1_14' title='bbox 380 388 453 441; x_wconf 70' lang='lat' dir='ltr'><strong>ff·</strong></span> 
     </span>
    </p>

    <p class='ocr_par' dir='ltr' id='par_1_3' title="bbox 221 452 1526 1065">
     <span class='ocr_line' id='line_1_4' title="bbox 290 452 1522 507; baseline -0.006 -9"><span class='ocrx_word' id='word_1_15' title='bbox 290 458 406 498; x_wconf 87' lang='lat' dir='ltr'>XIX.</span> <span class='ocrx_word' id='word_1_16' title='bbox 437 458 507 498; x_wconf 86' lang='lat' dir='ltr'><strong>His</strong></span> <span class='ocrx_word' id='word_1_17' title='bbox 534 457 654 498; x_wconf 81' lang='lat' dir='ltr'>Caesar</span> <span class='ocrx_word' id='word_1_18' title='bbox 687 456 885 507; x_wconf 81' lang='lat' dir='ltr'><strong>respondit</strong></span> <span class='ocrx_word' id='word_1_19' title='bbox 913 453 1156 502; x_wconf 80' lang='lat' dir='ltr'><strong>iracundius,</strong></span> <span class='ocrx_word' id='word_1_20' title='bbox 1173 455 1214 506; x_wconf 73' lang='grc' dir='ltr'><strong>[ἓ</strong></span> <span class='ocrx_word' id='word_1_21' title='bbox 1239 467 1344 506; x_wconf 85' lang='lat' dir='ltr'><strong>neque</strong></span> <span class='ocrx_word' id='word_1_22' title='bbox 1380 452 1522 491; x_wconf 82' lang='lat' dir='ltr'><em>Decimi</em></span> 
     </span>
     <span class='ocr_line' id='line_1_5' title="bbox 226 511 1524 574; baseline -0.005 -16"><span class='ocrx_word' id='word_1_23' title='bbox 226 519 419 574; x_wconf 55' lang='lat' dir='ltr'><strong>jentandi,</strong></span> <span class='ocrx_word' id='word_1_24' title='bbox 449 521 517 573; x_wconf 76' lang='lat' dir='ltr'><strong>fid</strong></span> <span class='ocrx_word' id='word_1_25' title='bbox 542 511 624 558; x_wconf 75' lang='lat' dir='ltr'><strong>&#39;belli</strong></span> <span class='ocrx_word' id='word_1_26' title='bbox 656 533 732 557; x_wconf 86' lang='lat' dir='ltr'><strong>cum</strong></span> <span class='ocrx_word' id='word_1_27' title='bbox 770 517 956 564; x_wconf 81' lang='lat' dir='ltr'><strong>Antonio,</strong></span> <span class='ocrx_word' id='word_1_28' title='bbox 994 515 1209 569; x_wconf 81' lang='lat' dir='ltr'><em>implacabili</em></span> <span class='ocrx_word' id='word_1_29' title='bbox 1244 515 1359 567; x_wconf 82' lang='lat' dir='ltr'><strong>hoste,</strong></span> <span class='ocrx_word' id='word_1_30' title='bbox 1382 513 1524 567; x_wconf 78' lang='lat' dir='ltr'><strong>gerendi</strong></span> 
     </span>
     <span class='ocr_line' id='line_1_6' title="bbox 234 579 1523 637; baseline -0.006 -15"><span class='ocrx_word' id='word_1_31' title='bbox 234 585 340 637; x_wconf 78' lang='lat' dir='ltr'><strong>caufiz</strong></span> <span class='ocrx_word' id='word_1_32' title='bbox 363 583 488 635; x_wconf 68' lang='lat' dir='ltr'><strong>vetzzff&#39;e</strong></span> <span class='ocrx_word' id='word_1_33' title='bbox 510 598 520 620; x_wconf 91' lang='lat'><strong>.·</strong></span> <span class='ocrx_word' id='word_1_34' title='bbox 546 597 651 634; x_wconf 83' lang='lat' dir='ltr'><strong>neque</strong></span> <span class='ocrx_word' id='word_1_35' title='bbox 673 582 836 634; x_wconf 80' lang='lat' dir='ltr'><strong>pietatem</strong></span> <span class='ocrx_word' id='word_1_36' title='bbox 852 582 987 631; x_wconf 81' lang='lat' dir='ltr'><strong>sinere,</strong></span> <span class='ocrx_word' id='word_1_37' title='bbox 1018 590 1057 616; x_wconf 84' lang='lat' dir='ltr'><strong>ut</strong></span> <span class='ocrx_word' id='word_1_38' title='bbox 1081 579 1307 631; x_wconf 79' lang='lat' dir='ltr'><em>alloquatur,</em></span> <span class='ocrx_word' id='word_1_39' title='bbox 1332 590 1394 617; x_wconf 79' lang='lat' dir='ltr'><strong>auc</strong></span> <span class='ocrx_word' id='word_1_40' title='bbox 1418 579 1523 616; x_wconf 85' lang='lat' dir='ltr'><strong>etiam</strong></span> 
     </span>
     <span class='ocr_line' id='line_1_7' title="bbox 233 640 1524 698; baseline -0.003 -15"><span class='ocrx_word' id='word_1_41' title='bbox 233 646 386 698; x_wconf 72' lang='lat' dir='ltr'><strong>aspiciat</strong></span> <span class='ocrx_word' id='word_1_42' title='bbox 415 644 654 696; x_wconf 64' lang='lat' dir='ltr'><strong>interfeblorem</strong></span> <span class='ocrx_word' id='word_1_43' title='bbox 686 645 826 695; x_wconf 79' lang='lat' dir='ltr'><strong>patris:</strong></span> <span class='ocrx_word' id='word_1_44' title='bbox 849 644 930 693; x_wconf 79' lang='lat' dir='ltr'><strong>pati</strong></span> <span class='ocrx_word' id='word_1_45' title='bbox 961 655 1072 681; x_wconf 82' lang='lat' dir='ltr'><strong>tamen</strong></span> <span class='ocrx_word' id='word_1_46' title='bbox 1097 643 1299 681; x_wconf 77' lang='lat' dir='ltr'><strong>incolumem</strong></span> <span class='ocrx_word' id='word_1_47' title='bbox 1331 657 1406 680; x_wconf 85' lang='lat' dir='ltr'><strong>eum</strong></span> <span class='ocrx_word' id='word_1_48' title='bbox 1434 640 1524 692; x_wconf 70' lang='lat' dir='ltr'><strong>ff,</strong></span> 
     </span>
     <span class='ocr_line' id='line_1_8' title="bbox 232 703 1524 759; baseline -0.002 -15"><span class='ocrx_word' id='word_1_49' title='bbox 232 708 340 745; x_wconf 78' lang='lat' dir='ltr'><strong>donec</strong></span> <span class='ocrx_word' id='word_1_50' title='bbox 353 707 500 759; x_wconf 72' lang='lat' dir='ltr'><strong>fi’natui</strong></span> <span class='ocrx_word' id='word_1_51' title='bbox 528 705 725 758; x_wconf 82' lang='lat' dir='ltr'><em>populoque</em></span> <span class='ocrx_word' id='word_1_52' title='bbox 756 707 917 742; x_wconf 78' lang='lat' dir='ltr'><strong>Romano</strong></span> <span class='ocrx_word' id='word_1_53' title='bbox 941 705 1125 743; x_wconf 75' lang='lat' dir='ltr'><strong>videretur.</strong></span> <span class='ocrx_word' id='word_1_54' title='bbox 1153 705 1255 744; x_wconf 88' lang='lat' dir='ltr'><strong>Tum</strong></span> <span class='ocrx_word' id='word_1_55' title='bbox 1283 717 1371 743; x_wconf 86' lang='lat' dir='ltr'><strong>vero</strong></span> <span class='ocrx_word' id='word_1_56' title='bbox 1401 703 1524 743; x_wconf 85' lang='lat' dir='ltr'><strong>Deci-</strong></span> 
     </span>
     <span class='ocr_line' id='line_1_9' title="bbox 233 758 1525 818; baseline -0.002 -11"><span class='ocrx_word' id='word_1_57' title='bbox 233 780 320 807; x_wconf 84' lang='lat' dir='ltr'><strong>mus</strong></span> <span class='ocrx_word' id='word_1_58' title='bbox 334 798 345 816; x_wconf 78' lang='lat'>,</span> <span class='ocrx_word' id='word_1_59' title='bbox 361 767 570 818; x_wconf 76' lang='lat' dir='ltr'><strong>progressus</strong></span> <span class='ocrx_word' id='word_1_60' title='bbox 592 767 639 805; x_wconf 84' lang='lat' dir='ltr'><strong>ad</strong></span> <span class='ocrx_word' id='word_1_61' title='bbox 660 766 806 805; x_wconf 86' lang='lat' dir='ltr'><strong>flumen</strong></span> <span class='ocrx_word' id='word_1_62' title='bbox 822 758 838 813; x_wconf 54' lang='grc'><strong>,’</strong></span> <span class='ocrx_word' id='word_1_63' title='bbox 853 764 953 804; x_wconf 86' lang='lat' dir='ltr'><strong>clara</strong></span> <span class='ocrx_word' id='word_1_64' title='bbox 977 777 1073 804; x_wconf 90' lang='lat' dir='ltr'><strong>voce</strong></span> <span class='ocrx_word' id='word_1_65' title='bbox 1099 765 1305 815; x_wconf 81' lang='lat' dir='ltr'><strong>appellavit</strong></span> <span class='ocrx_word' id='word_1_66' title='bbox 1325 765 1525 814; x_wconf 72' lang='lat' dir='ltr'>Caesarem,</span> 
     </span>
     <span class='ocr_line' id='line_1_10' title="bbox 236 824 1525 876; baseline -0.003 -7"><span class='ocrx_word' id='word_1_67' title='bbox 236 831 297 876; x_wconf 85' lang='lat'><strong>&amp;‚</strong></span> <span class='ocrx_word' id='word_1_68' title='bbox 321 831 482 868; x_wconf 86' lang='lat' dir='ltr'><strong>recitato</strong></span> <span class='ocrx_word' id='word_1_69' title='bbox 506 826 856 873; x_wconf 80' lang='lat' dir='ltr'><strong>senatusconsulto,</strong></span> <span class='ocrx_word' id='word_1_70' title='bbox 883 839 960 876; x_wconf 90' lang='lat' dir='ltr'><strong>quo</strong></span> <span class='ocrx_word' id='word_1_71' title='bbox 979 824 1100 866; x_wconf 83' lang='lat' dir='ltr'><strong>Gallia</strong></span> <span class='ocrx_word' id='word_1_72' title='bbox 1128 825 1193 865; x_wconf 80' lang='lat' dir='ltr'><strong>fibi</strong></span> <span class='ocrx_word' id='word_1_73' title='bbox 1224 826 1310 864; x_wconf 86' lang='lat' dir='ltr'><strong>data</strong></span> <span class='ocrx_word' id='word_1_74' title='bbox 1327 825 1525 876; x_wconf 76' lang='lat' dir='ltr'><strong>provincia</strong></span> 
     </span>
     <span class='ocr_line' id='line_1_11' title="bbox 231 886 1525 940; baseline -0.005 -11"><span class='ocrx_word' id='word_1_75' title='bbox 231 891 386 937; x_wconf 83' lang='lat' dir='ltr'><strong>fuerat,</strong></span> <span class='ocrx_word' id='word_1_76' title='bbox 409 888 555 937; x_wconf 70' lang='lat' dir='ltr'><strong>edixit,</strong></span> <span class='ocrx_word' id='word_1_77' title='bbox 579 904 622 927; x_wconf 86' lang='lat' dir='ltr'><strong>ne</strong></span> <span class='ocrx_word' id='word_1_78' title='bbox 639 918 652 935; x_wconf 93' lang='lat'>‚</span> <span class='ocrx_word' id='word_1_79' title='bbox 676 888 816 939; x_wconf 70' lang='lat' dir='ltr'><strong>trajeHo</strong></span> <span class='ocrx_word' id='word_1_80' title='bbox 835 887 977 938; x_wconf 84' lang='lat' dir='ltr'><strong>fluvio,</strong></span> <span class='ocrx_word' id='word_1_81' title='bbox 996 887 1107 939; x_wconf 79' lang='lat' dir='ltr'><strong><em>Caefizr</em></strong></span> <span class='ocrx_word' id='word_1_82' title='bbox 1134 886 1286 926; x_wconf 81' lang='lat' dir='ltr'><strong>alienam</strong></span> <span class='ocrx_word' id='word_1_83' title='bbox 1306 886 1525 940; x_wconf 79' lang='lat' dir='ltr'><strong>provinciam</strong></span> 
     </span>
     <span class='ocr_line' id='line_1_12' title="bbox 221 945 1526 1002; baseline -0.002 -15"><span class='ocrx_word' id='word_1_84' title='bbox 221 952 299 1002; x_wconf 65' lang='lat' dir='ltr'><strong>firm</strong></span> <span class='ocrx_word' id='word_1_85' title='bbox 332 951 533 1002; x_wconf 79' lang='lat' dir='ltr'><strong>consulibus</strong></span> <span class='ocrx_word' id='word_1_86' title='bbox 570 950 779 997; x_wconf 71' lang='lat' dir='ltr'><strong>invaderec3</strong></span> <span class='ocrx_word' id='word_1_87' title='bbox 811 964 894 988; x_wconf 78' lang='lat' dir='ltr'><strong>neve</strong></span> <span class='ocrx_word' id='word_1_88' title='bbox 919 949 1167 1002; x_wconf 83' lang='lat' dir='ltr'><strong><em>persequeretur</em></strong></span> <span class='ocrx_word' id='word_1_89' title='bbox 1195 947 1393 986; x_wconf 82' lang='lat' dir='ltr'><strong>Antonium</strong></span> <span class='ocrx_word' id='word_1_90' title='bbox 1409 962 1421 986; x_wconf 90' lang='grc'><strong>,·</strong></span> <span class='ocrx_word' id='word_1_91' title='bbox 1444 945 1526 991; x_wconf 76' lang='lat' dir='ltr'><strong>huic</strong></span> 
     </span>
     <span class='ocr_line' id='line_1_13' title="bbox 233 1010 697 1065; baseline -0.006 -14"><span class='ocrx_word' id='word_1_92' title='bbox 233 1012 319 1051; x_wconf 76' lang='lat' dir='ltr'><strong>enim</strong></span> <span class='ocrx_word' id='word_1_93' title='bbox 348 1012 441 1063; x_wconf 79' lang='lat' dir='ltr'><strong>operi</strong></span> <span class='ocrx_word' id='word_1_94' title='bbox 465 1012 504 1065; x_wconf 85' lang='lat' dir='ltr'><strong>se</strong></span> <span class='ocrx_word' id='word_1_95' title='bbox 529 1010 697 1065; x_wconf 73' lang='lat' dir='ltr'><strong>filfficere.</strong></span> 
     </span>
    </p>

    <p class='ocr_par' dir='ltr' id='par_1_4' title="bbox 229 1073 1527 1749">
     <span class='ocr_line' id='line_1_14' title="bbox 285 1073 1516 1127; baseline -0.005 -8"><span class='ocrx_word' id='word_1_96' title='bbox 285 1080 380 1119; x_wconf 90' lang='lat' dir='ltr'><strong>XX.</strong></span> <span class='ocrx_word' id='word_1_97' title='bbox 412 1080 504 1119; x_wconf 87' lang='lat' dir='ltr'><strong>Non</strong></span> <span class='ocrx_word' id='word_1_98' title='bbox 523 1079 684 1118; x_wconf 83' lang='lat' dir='ltr'><strong>fallebat</strong></span> <span class='ocrx_word' id='word_1_99' title='bbox 711 1078 897 1119; x_wconf 77' lang='lat' dir='ltr'><strong>Caesarem</strong></span> <span class='ocrx_word' id='word_1_100' title='bbox 915 1109 926 1127; x_wconf 91' lang='lat'><strong>‚</strong></span> <span class='ocrx_word' id='word_1_101' title='bbox 945 1077 1047 1117; x_wconf 85' lang='lat' dir='ltr'><strong>hanc</strong></span> <span class='ocrx_word' id='word_1_102' title='bbox 1071 1076 1253 1116; x_wconf 76' lang='lat' dir='ltr'><strong>ferociam</strong></span> <span class='ocrx_word' id='word_1_103' title='bbox 1268 1075 1388 1115; x_wconf 86' lang='lat' dir='ltr'><strong>Bruto</strong></span> <span class='ocrx_word' id='word_1_104' title='bbox 1404 1087 1450 1113; x_wconf 81' lang='lat' dir='ltr'><strong>ex</strong></span> <span class='ocrx_word' id='word_1_105' title='bbox 1470 1073 1516 1114; x_wconf 86' lang='lat' dir='ltr'><strong>fi·</strong></span> 
     </span>
     <span class='ocr_line' id='line_1_15' title="bbox 229 1136 1525 1191; baseline -0.005 -11"><span class='ocrx_word' id='word_1_106' title='bbox 229 1141 346 1180; x_wconf 83' lang='lat' dir='ltr'><strong>dueia</strong></span> <span class='ocrx_word' id='word_1_107' title='bbox 364 1141 516 1181; x_wconf 69' lang='lat' dir='ltr'><strong>Petrum</strong></span> <span class='ocrx_word' id='word_1_108' title='bbox 538 1141 734 1180; x_wconf 85' lang='lat' dir='ltr'><strong>accedere.</strong></span> <span class='ocrx_word' id='word_1_109' title='bbox 768 1140 898 1191; x_wconf 84' lang='lat' dir='ltr'><strong>igitur,</strong></span> <span class='ocrx_word' id='word_1_110' title='bbox 918 1139 1160 1190; x_wconf 84' lang='lat' dir='ltr'><strong>quantumvis</strong></span> <span class='ocrx_word' id='word_1_111' title='bbox 1182 1151 1268 1176; x_wconf 85' lang='lat' dir='ltr'><strong>eum</strong></span> <span class='ocrx_word' id='word_1_112' title='bbox 1286 1137 1325 1175; x_wconf 87' lang='lat' dir='ltr'><strong>in</strong></span> <span class='ocrx_word' id='word_1_113' title='bbox 1347 1136 1525 1175; x_wconf 87' lang='lat' dir='ltr'><strong>ordinem</strong></span> 
     </span>
     <span class='ocr_line' id='line_1_16' title="bbox 232 1198 1527 1254; baseline -0.006 -11"><span class='ocrx_word' id='word_1_114' title='bbox 232 1204 407 1254; x_wconf 83' lang='lat' dir='ltr'><strong>redigere</strong></span> <span class='ocrx_word' id='word_1_115' title='bbox 432 1202 546 1243; x_wconf 84' lang='lat' dir='ltr'><strong>facile</strong></span> <span class='ocrx_word' id='word_1_116' title='bbox 573 1202 780 1253; x_wconf 80' lang='lat' dir='ltr'><strong>potuisset,</strong></span> <span class='ocrx_word' id='word_1_117' title='bbox 818 1202 1040 1242; x_wconf 81' lang='lat' dir='ltr'><strong>moderatus</strong></span> <span class='ocrx_word' id='word_1_118' title='bbox 1069 1201 1121 1241; x_wconf 89' lang='lat' dir='ltr'><strong>est</strong></span> <span class='ocrx_word' id='word_1_119' title='bbox 1145 1202 1232 1248; x_wconf 85' lang='lat' dir='ltr'><strong>irae,</strong></span> <span class='ocrx_word' id='word_1_120' title='bbox 1254 1199 1366 1249; x_wconf 88' lang='lat' dir='ltr'><strong>seque</strong></span> <span class='ocrx_word' id='word_1_121' title='bbox 1397 1198 1527 1237; x_wconf 91' lang='lat' dir='ltr'><strong>Bono.</strong></span> 
     </span>
     <span class='ocr_line' id='line_1_17' title="bbox 231 1260 1525 1311; baseline -0.005 -6"><span class='ocrx_word' id='word_1_122' title='bbox 231 1267 336 1305; x_wconf 81' lang='lat' dir='ltr'><strong>niam</strong></span> <span class='ocrx_word' id='word_1_123' title='bbox 367 1266 416 1305; x_wconf 86' lang='lat' dir='ltr'><strong>ad</strong></span> <span class='ocrx_word' id='word_1_124' title='bbox 444 1265 486 1305; x_wconf 90' lang='lat' dir='ltr'><strong>C.</strong></span> <span class='ocrx_word' id='word_1_125' title='bbox 512 1265 669 1305; x_wconf 80' lang='lat' dir='ltr'>Pansam</span> <span class='ocrx_word' id='word_1_126' title='bbox 702 1264 890 1311; x_wconf 86' lang='lat' dir='ltr'><strong>contulit,</strong></span> <span class='ocrx_word' id='word_1_127' title='bbox 923 1264 1035 1303; x_wconf 84' lang='lat' dir='ltr'><strong>rebus</strong></span> <span class='ocrx_word' id='word_1_128' title='bbox 1059 1262 1240 1302; x_wconf 85' lang='lat' dir='ltr'><strong>omnibus</strong></span> <span class='ocrx_word' id='word_1_129' title='bbox 1267 1260 1412 1300; x_wconf 85' lang='lat' dir='ltr'><strong>senatui</strong></span> <span class='ocrx_word' id='word_1_130' title='bbox 1438 1273 1525 1310; x_wconf 87' lang='lat' dir='ltr'><strong>per-</strong></span> 
     </span>
     <span class='ocr_line' id='line_1_18' title="bbox 231 1321 1525 1378; baseline -0.005 -12"><span class='ocrx_word' id='word_1_131' title='bbox 231 1326 404 1377; x_wconf 84' lang='lat' dir='ltr'><strong>scriptis,</strong></span> <span class='ocrx_word' id='word_1_132' title='bbox 430 1326 644 1378; x_wconf 64' lang='lat' dir='ltr'><strong>effeetoque</strong></span> <span class='ocrx_word' id='word_1_133' title='bbox 660 1357 671 1375; x_wconf 93' lang='lat'><strong>‚</strong></span> <span class='ocrx_word' id='word_1_134' title='bbox 706 1336 747 1365; x_wconf 88' lang='lat' dir='ltr'><strong>ut</strong></span> <span class='ocrx_word' id='word_1_135' title='bbox 774 1328 822 1366; x_wconf 84' lang='lat' dir='ltr'><strong>de</strong></span> <span class='ocrx_word' id='word_1_136' title='bbox 846 1326 983 1365; x_wconf 84' lang='lat' dir='ltr'><strong>iisdem</strong></span> <span class='ocrx_word' id='word_1_137' title='bbox 1006 1325 1163 1364; x_wconf 84' lang='lat' dir='ltr'><strong>nomine</strong></span> <span class='ocrx_word' id='word_1_138' title='bbox 1196 1322 1318 1363; x_wconf 81' lang='lat' dir='ltr'><strong>Pansae</strong></span> <span class='ocrx_word' id='word_1_139' title='bbox 1344 1321 1525 1361; x_wconf 86' lang='lat' dir='ltr'><strong>scribere.</strong></span> 
     </span>
     <span class='ocr_line' id='line_1_19' title="bbox 232 1385 1523 1440; baseline -0.003 -11"><span class='ocrx_word' id='word_1_140' title='bbox 232 1403 307 1429; x_wconf 78' lang='lat' dir='ltr'><strong>tur.</strong></span> <span class='ocrx_word' id='word_1_141' title='bbox 343 1391 429 1430; x_wconf 91' lang='lat' dir='ltr'><strong>Hoc</strong></span> <span class='ocrx_word' id='word_1_142' title='bbox 455 1390 531 1429; x_wconf 83' lang='lat' dir='ltr'><strong>fuit</strong></span> <span class='ocrx_word' id='word_1_143' title='bbox 555 1389 651 1429; x_wconf 85' lang='lat' dir='ltr'><strong>illud</strong></span> <span class='ocrx_word' id='word_1_144' title='bbox 678 1391 717 1428; x_wconf 85' lang='lat' dir='ltr'><strong>in</strong></span> <span class='ocrx_word' id='word_1_145' title='bbox 746 1389 942 1440; x_wconf 83' lang='lat' dir='ltr'><strong>republica</strong></span> <span class='ocrx_word' id='word_1_146' title='bbox 978 1397 1131 1438; x_wconf 82' lang='lat' dir='ltr'><strong>tempus</strong></span> <span class='ocrx_word' id='word_1_147' title='bbox 1148 1419 1157 1433; x_wconf 76' lang='grc'>,</span> <span class='ocrx_word' id='word_1_148' title='bbox 1184 1400 1261 1437; x_wconf 90' lang='lat' dir='ltr'><strong>quo</strong></span> <span class='ocrx_word' id='word_1_149' title='bbox 1287 1385 1439 1424; x_wconf 87' lang='lat' dir='ltr'><strong>nullum</strong></span> <span class='ocrx_word' id='word_1_150' title='bbox 1464 1398 1523 1425; x_wconf 84' lang='lat' dir='ltr'><strong>re-</strong></span> 
     </span>
     <span class='ocr_line' id='line_1_20' title="bbox 230 1447 1524 1503; baseline -0.003 -12"><span class='ocrx_word' id='word_1_151' title='bbox 230 1454 338 1503; x_wconf 84' lang='lat' dir='ltr'><strong>perio</strong></span> <span class='ocrx_word' id='word_1_152' title='bbox 367 1451 475 1491; x_wconf 66' lang='lat' dir='ltr'><strong>suiss&#39;e</strong></span> <span class='ocrx_word' id='word_1_153' title='bbox 508 1463 678 1501; x_wconf 88' lang='lat' dir='ltr'><strong>unquam</strong></span> <span class='ocrx_word' id='word_1_154' title='bbox 705 1451 908 1490; x_wconf 75' lang='lat' dir='ltr'><strong>difficilius.</strong></span> <span class='ocrx_word' id='word_1_155' title='bbox 941 1450 1056 1490; x_wconf 83' lang='lat' dir='ltr'><strong>Plena</strong></span> <span class='ocrx_word' id='word_1_156' title='bbox 1086 1449 1346 1500; x_wconf 82' lang='lat' dir='ltr'>suspicionum</span> <span class='ocrx_word' id='word_1_157' title='bbox 1377 1447 1524 1497; x_wconf 80' lang='lat' dir='ltr'><strong>omnia,</strong></span> 
     </span>
     <span class='ocr_line' id='line_1_21' title="bbox 229 1511 1523 1564; baseline -0.002 -13"><span class='ocrx_word' id='word_1_158' title='bbox 229 1513 344 1564; x_wconf 84' lang='lat' dir='ltr'><strong>plena</strong></span> <span class='ocrx_word' id='word_1_159' title='bbox 369 1514 541 1561; x_wconf 85' lang='lat' dir='ltr'><strong>timoris,</strong></span> <span class='ocrx_word' id='word_1_160' title='bbox 563 1513 840 1559; x_wconf 68' lang='lat' dir='ltr'>simulationis,</span> <span class='ocrx_word' id='word_1_161' title='bbox 871 1512 1048 1562; x_wconf 73' lang='lat' dir='ltr'><strong>perfidiae.</strong></span> <span class='ocrx_word' id='word_1_162' title='bbox 1071 1515 1106 1552; x_wconf 72' lang='grc' dir='ltr'><strong>δε</strong></span> <span class='ocrx_word' id='word_1_163' title='bbox 1130 1511 1338 1552; x_wconf 66' lang='lat' dir='ltr'><strong>Dolabellae</strong></span> <span class='ocrx_word' id='word_1_164' title='bbox 1363 1511 1523 1561; x_wconf 85' lang='lat' dir='ltr'><strong>quidem</strong></span> 
     </span>
     <span class='ocr_line' id='line_1_22' title="bbox 233 1573 1526 1624; baseline -0.002 -11"><span class='ocrx_word' id='word_1_165' title='bbox 233 1583 349 1624; x_wconf 81' lang='lat' dir='ltr'><strong>atque</strong></span> <span class='ocrx_word' id='word_1_166' title='bbox 379 1574 535 1613; x_wconf 84' lang='lat' dir='ltr'>Antonii</span> <span class='ocrx_word' id='word_1_167' title='bbox 565 1576 642 1623; x_wconf 80' lang='lat' dir='ltr'><strong>jam</strong></span> <span class='ocrx_word' id='word_1_168' title='bbox 672 1582 848 1624; x_wconf 82' lang='lat' dir='ltr'><strong>eruperat</strong></span> <span class='ocrx_word' id='word_1_169' title='bbox 872 1573 1002 1612; x_wconf 89' lang='lat' dir='ltr'><strong>furor:</strong></span> <span class='ocrx_word' id='word_1_170' title='bbox 1038 1586 1161 1622; x_wconf 84' lang='lat' dir='ltr'><strong>neque</strong></span> <span class='ocrx_word' id='word_1_171' title='bbox 1194 1573 1397 1612; x_wconf 89' lang='lat' dir='ltr'><strong>obscurum</strong></span> <span class='ocrx_word' id='word_1_172' title='bbox 1424 1580 1526 1621; x_wconf 82' lang='lat' dir='ltr'><strong>erat,</strong></span> 
     </span>
     <span class='ocr_line' id='line_1_23' title="bbox 232 1632 1522 1686; baseline -0.002 -12"><span class='ocrx_word' id='word_1_173' title='bbox 232 1637 325 1686; x_wconf 80' lang='lat' dir='ltr'><strong>quid</strong></span> <span class='ocrx_word' id='word_1_174' title='bbox 351 1635 486 1675; x_wconf 87' lang='lat' dir='ltr'><strong>Brutus</strong></span> <span class='ocrx_word' id='word_1_175' title='bbox 500 1666 511 1685; x_wconf 87' lang='lat'>,</span> <span class='ocrx_word' id='word_1_176' title='bbox 528 1636 621 1686; x_wconf 91' lang='lat' dir='ltr'><strong>quid</strong></span> <span class='ocrx_word' id='word_1_177' title='bbox 649 1636 792 1675; x_wconf 82' lang='lat' dir='ltr'><strong>Caffius</strong></span> <span class='ocrx_word' id='word_1_178' title='bbox 820 1635 1058 1674; x_wconf 80' lang='lat' dir='ltr'><strong>molirentur.</strong></span> <span class='ocrx_word' id='word_1_179' title='bbox 1079 1634 1241 1685; x_wconf 84' lang='lat' dir='ltr'><strong>Lepidi,</strong></span> <span class='ocrx_word' id='word_1_180' title='bbox 1262 1633 1420 1681; x_wconf 86' lang='lat' dir='ltr'><strong>Planci,</strong></span> <span class='ocrx_word' id='word_1_181' title='bbox 1436 1632 1522 1678; x_wconf 56' lang='lat' dir='ltr'><strong>As:—</strong></span> 
     </span>
     <span class='ocr_line' id='line_1_24' title="bbox 231 1697 1275 1749; baseline -0.001 -12"><span class='ocrx_word' id='word_1_182' title='bbox 231 1699 284 1737; x_wconf 86' lang='lat' dir='ltr'><strong>nii</strong></span> <span class='ocrx_word' id='word_1_183' title='bbox 312 1699 504 1738; x_wconf 66' lang='lat' dir='ltr'><strong>cunetatio</strong></span> <span class='ocrx_word' id='word_1_184' title='bbox 536 1697 716 1749; x_wconf 88' lang='lat' dir='ltr'>quorsum</span> <span class='ocrx_word' id='word_1_185' title='bbox 743 1698 943 1747; x_wconf 84' lang='lat' dir='ltr'><strong>tenderet,</strong></span> <span class='ocrx_word' id='word_1_186' title='bbox 968 1710 1061 1737; x_wconf 79' lang='lat' dir='ltr'><strong>mox</strong></span> <span class='ocrx_word' id='word_1_187' title='bbox 1088 1697 1275 1747; x_wconf 80' lang='lat' dir='ltr'><strong>apparuit.</strong></span> 
     </span>
    </p>
   </div>
   <div class='ocr_carea' id='block_1_3' title="bbox 225 1767 1558 2382">
    <p class='ocr_par' dir='ltr' id='par_1_5' title="bbox 225 1767 1558 2382">
     <span class='ocr_line' id='line_1_25' title="bbox 285 1767 1522 1822; baseline -0.001 -13"><span class='ocrx_word' id='word_1_188' title='bbox 285 1769 405 1809; x_wconf 86' lang='lat' dir='ltr'><strong>XXI.</strong></span> <span class='ocrx_word' id='word_1_189' title='bbox 438 1770 514 1810; x_wconf 88' lang='lat' dir='ltr'><strong>Sed</strong></span> <span class='ocrx_word' id='word_1_190' title='bbox 538 1769 711 1817; x_wconf 65' lang='lat' dir='ltr'><strong>semitm,</strong></span> <span class='ocrx_word' id='word_1_191' title='bbox 732 1782 846 1819; x_wconf 86' lang='lat' dir='ltr'><strong>quem</strong></span> <span class='ocrx_word' id='word_1_192' title='bbox 871 1770 982 1821; x_wconf 69' lang='lat' dir='ltr'><em>castra</em></span> <span class='ocrx_word' id='word_1_193' title='bbox 1004 1767 1162 1822; x_wconf 79' lang='lat' dir='ltr'><strong>Pompeji</strong></span> <span class='ocrx_word' id='word_1_194' title='bbox 1181 1780 1258 1807; x_wconf 89' lang='lat' dir='ltr'><strong>non</strong></span> <span class='ocrx_word' id='word_1_195' title='bbox 1285 1774 1420 1817; x_wconf 86' lang='lat' dir='ltr'><strong>praeter</strong></span> <span class='ocrx_word' id='word_1_196' title='bbox 1439 1779 1522 1808; x_wconf 85' lang='lat' dir='ltr'><strong>rem</strong></span> 
     </span>
     <span class='ocr_line' id='line_1_26' title="bbox 229 1828 1524 1882; baseline -0.002 -10"><span class='ocrx_word' id='word_1_197' title='bbox 229 1832 450 1882; x_wconf 73' lang='lat' dir='ltr'><strong>appellabat</strong></span> <span class='ocrx_word' id='word_1_198' title='bbox 477 1832 687 1878; x_wconf 86' lang='lat' dir='ltr'><strong>Antonius,</strong></span> <span class='ocrx_word' id='word_1_199' title='bbox 709 1831 749 1871; x_wconf 91' lang='lat' dir='ltr'><strong>id</strong></span> <span class='ocrx_word' id='word_1_200' title='bbox 779 1830 917 1882; x_wconf 81' lang='lat' dir='ltr'><strong>agebat</strong></span> <span class='ocrx_word' id='word_1_201' title='bbox 945 1832 1080 1877; x_wconf 80' lang='lat' dir='ltr'><strong>unice,</strong></span> <span class='ocrx_word' id='word_1_202' title='bbox 1102 1839 1143 1869; x_wconf 88' lang='lat' dir='ltr'><strong>ut</strong></span> <span class='ocrx_word' id='word_1_203' title='bbox 1164 1843 1232 1879; x_wconf 77' lang='lat' dir='ltr'><strong>per</strong></span> <span class='ocrx_word' id='word_1_204' title='bbox 1256 1828 1524 1870; x_wconf 82' lang='lat' dir='ltr'><strong>diffenfionem</strong></span> 
     </span>
     <span class='ocr_line' id='line_1_27' title="bbox 228 1893 1524 1945; baseline 0 -12"><span class='ocrx_word' id='word_1_205' title='bbox 228 1894 473 1942; x_wconf 77' lang='lat' dir='ltr'><strong>Julianorum</strong></span> <span class='ocrx_word' id='word_1_206' title='bbox 510 1895 654 1934; x_wconf 88' lang='lat' dir='ltr'><strong>ducum</strong></span> <span class='ocrx_word' id='word_1_207' title='bbox 690 1905 816 1945; x_wconf 81' lang='lat' dir='ltr'><strong>partes</strong></span> <span class='ocrx_word' id='word_1_208' title='bbox 850 1894 924 1934; x_wconf 74' lang='lat' dir='ltr'><strong>illae</strong></span> <span class='ocrx_word' id='word_1_209' title='bbox 960 1896 1111 1945; x_wconf 87' lang='lat' dir='ltr'><strong>penitus</strong></span> <span class='ocrx_word' id='word_1_210' title='bbox 1148 1893 1386 1933; x_wconf 82' lang='lat' dir='ltr'><strong>tollerentur.</strong></span> <span class='ocrx_word' id='word_1_211' title='bbox 1416 1905 1524 1933; x_wconf 85' lang='lat' dir='ltr'><strong>eam·</strong></span> 
     </span>
     <span class='ocr_line' id='line_1_28' title="bbox 231 1955 1558 2010; baseline -0.002 -13"><span class='ocrx_word' id='word_1_212' title='bbox 231 1971 305 2010; x_wconf 87' lang='lat' dir='ltr'><strong>que</strong></span> <span class='ocrx_word' id='word_1_213' title='bbox 333 1966 412 1995; x_wconf 87' lang='lat' dir='ltr'><strong>tum</strong></span> <span class='ocrx_word' id='word_1_214' title='bbox 446 1957 774 1997; x_wconf 71' lang='lat' dir='ltr'><strong>machinationem</strong></span> <span class='ocrx_word' id='word_1_215' title='bbox 804 1958 1017 1998; x_wconf 62' lang='lat' dir='ltr'><strong>Oc&#39;taviano</strong></span> <span class='ocrx_word' id='word_1_216' title='bbox 1049 1957 1090 1998; x_wconf 91' lang='lat' dir='ltr'><strong>C.</strong></span> <span class='ocrx_word' id='word_1_217' title='bbox 1113 1957 1227 1997; x_wconf 82' lang='lat' dir='ltr'><strong>Pansa</strong></span> <span class='ocrx_word' id='word_1_218' title='bbox 1251 1955 1523 2003; x_wconf 78' lang='lat' dir='ltr'><strong>detexit,tan-</strong></span> <span class='ocrx_word' id='word_1_219' title='bbox 1554 1995 1558 2000; x_wconf 78' lang='grc'><strong>,</strong></span> 
     </span>
     <span class='ocr_line' id='line_1_29' title="bbox 233 2018 1523 2071; baseline -0.001 -12"><span class='ocrx_word' id='word_1_220' title='bbox 233 2028 275 2059; x_wconf 91' lang='lat' dir='ltr'><strong>to</strong></span> <span class='ocrx_word' id='word_1_221' title='bbox 314 2019 522 2070; x_wconf 82' lang='lat' dir='ltr'><strong>fimplicius</strong></span> <span class='ocrx_word' id='word_1_222' title='bbox 551 2028 664 2070; x_wconf 80' lang='lat' dir='ltr'><strong>atque</strong></span> <span class='ocrx_word' id='word_1_223' title='bbox 695 2023 885 2071; x_wconf 73' lang='lat' dir='ltr'><strong>apertius,</strong></span> <span class='ocrx_word' id='word_1_224' title='bbox 917 2029 1061 2071; x_wconf 85' lang='lat' dir='ltr'><strong>quanto</strong></span> <span class='ocrx_word' id='word_1_225' title='bbox 1094 2022 1234 2060; x_wconf 82' lang='lat' dir='ltr'><strong>certius</strong></span> <span class='ocrx_word' id='word_1_226' title='bbox 1269 2020 1317 2060; x_wconf 90' lang='lat' dir='ltr'><strong>de</strong></span> <span class='ocrx_word' id='word_1_227' title='bbox 1344 2018 1523 2058; x_wconf 82' lang='lat' dir='ltr'><strong>instanti-</strong></span> 
     </span>
     <span class='ocr_line' id='line_1_30' title="bbox 231 2081 1519 2132; baseline -0.002 -10"><span class='ocrx_word' id='word_1_228' title='bbox 231 2082 304 2122; x_wconf 67' lang='lat' dir='ltr'><strong>bus</strong></span> <span class='ocrx_word' id='word_1_229' title='bbox 328 2081 513 2131; x_wconf 82' lang='lat' dir='ltr'><strong>supremis</strong></span> <span class='ocrx_word' id='word_1_230' title='bbox 544 2083 668 2121; x_wconf 88' lang='lat' dir='ltr'><strong>minus</strong></span> <span class='ocrx_word' id='word_1_231' title='bbox 705 2082 930 2121; x_wconf 81' lang='lat' dir='ltr'><strong>movebatur</strong></span> <span class='ocrx_word' id='word_1_232' title='bbox 960 2089 1064 2121; x_wconf 85' lang='lat' dir='ltr'><strong>metu</strong></span> <span class='ocrx_word' id='word_1_233' title='bbox 1093 2081 1286 2132; x_wconf 79' lang='lat' dir='ltr'><strong>gratiaque</strong></span> <span class='ocrx_word' id='word_1_234' title='bbox 1304 2112 1314 2128; x_wconf 88' lang='lat'>‚</span> <span class='ocrx_word' id='word_1_235' title='bbox 1342 2082 1378 2120; x_wconf 65' lang='grc' dir='ltr'>ἃ</span> <span class='ocrx_word' id='word_1_236' title='bbox 1413 2088 1519 2119; x_wconf 86' lang='lat' dir='ltr'><strong>cete-</strong></span> 
     </span>
     <span class='ocr_line' id='line_1_31' title="bbox 231 2143 1541 2195; baseline -0.002 -12"><span class='ocrx_word' id='word_1_237' title='bbox 231 2144 280 2184; x_wconf 84' lang='lat' dir='ltr'><strong>ris</strong></span> <span class='ocrx_word' id='word_1_238' title='bbox 307 2143 527 2192; x_wconf 57' lang='lat' dir='ltr'><strong>affeffiffls,</strong></span> <span class='ocrx_word' id='word_1_239' title='bbox 557 2147 619 2194; x_wconf 85' lang='lat' dir='ltr'><strong>qui</strong></span> <span class='ocrx_word' id='word_1_240' title='bbox 656 2152 811 2195; x_wconf 82' lang='lat' dir='ltr'><strong>propter</strong></span> <span class='ocrx_word' id='word_1_241' title='bbox 837 2145 924 2184; x_wconf 76' lang='lat' dir='ltr'><strong>vitre</strong></span> <span class='ocrx_word' id='word_1_242' title='bbox 956 2144 1164 2183; x_wconf 85' lang='lat' dir='ltr'><strong>commoda</strong></span> <span class='ocrx_word' id='word_1_243' title='bbox 1196 2143 1401 2182; x_wconf 84' lang='lat' dir='ltr'><strong>sollicitant</strong></span> <span class='ocrx_word' id='word_1_244' title='bbox 1430 2143 1541 2182; x_wconf 46' lang='lat' dir='ltr'><strong>ania</strong></span> 
     </span>
     <span class='ocr_line' id='line_1_32' title="bbox 232 2204 1520 2265; baseline -0.002 -20"><span class='ocrx_word' id='word_1_245' title='bbox 232 2219 328 2246; x_wconf 81' lang='lat' dir='ltr'><strong>mos.</strong></span> <span class='ocrx_word' id='word_1_246' title='bbox 361 2206 480 2256; x_wconf 83' lang='lat' dir='ltr'><strong>Igitur</strong></span> <span class='ocrx_word' id='word_1_247' title='bbox 513 2219 602 2245; x_wconf 91' lang='lat' dir='ltr'><strong>cum</strong></span> <span class='ocrx_word' id='word_1_248' title='bbox 641 2208 768 2246; x_wconf 83' lang='lat' dir='ltr'><strong>vocari</strong></span> <span class='ocrx_word' id='word_1_249' title='bbox 800 2206 984 2246; x_wconf 82' lang='lat' dir='ltr'><strong>Caesarem</strong></span> <span class='ocrx_word' id='word_1_250' title='bbox 1009 2205 1195 2265; x_wconf 20' lang='lat' dir='ltr'><strong>«juffissess</strong></span> <span class='ocrx_word' id='word_1_251' title='bbox 1231 2206 1335 2258; x_wconf 73' lang='lat' dir='ltr'><strong>Ego,</strong></span> <span class='ocrx_word' id='word_1_252' title='bbox 1369 2204 1520 2254; x_wconf 86' lang='lat' dir='ltr'><strong>inquit,</strong></span> 
     </span>
     <span class='ocr_line' id='line_1_33' title="bbox 225 2266 1515 2322; baseline -0.003 -16"><span class='ocrx_word' id='word_1_253' title='bbox 225 2281 358 2322; x_wconf 69' lang='lat' dir='ltr'><strong>patrem</strong></span> <span class='ocrx_word' id='word_1_254' title='bbox 393 2280 487 2306; x_wconf 83' lang='lat' dir='ltr'><strong>tuum</strong></span> <span class='ocrx_word' id='word_1_255' title='bbox 524 2280 622 2306; x_wconf 85' lang='lat' dir='ltr'><strong>tanta</strong></span> <span class='ocrx_word' id='word_1_256' title='bbox 655 2270 800 2307; x_wconf 75' lang='lat' dir='ltr'><strong>caritate</strong></span> <span class='ocrx_word' id='word_1_257' title='bbox 836 2270 972 2315; x_wconf 78' lang='lat' dir='ltr'><strong>dilexi,</strong></span> <span class='ocrx_word' id='word_1_258' title='bbox 1002 2281 1040 2306; x_wconf 83' lang='lat' dir='ltr'><strong>ut</strong></span> <span class='ocrx_word' id='word_1_259' title='bbox 1068 2283 1117 2307; x_wconf 84' lang='lat' dir='ltr'><strong>me</strong></span> <span class='ocrx_word' id='word_1_260' title='bbox 1151 2268 1222 2320; x_wconf 80' lang='lat' dir='ltr'><strong>ipse</strong></span> <span class='ocrx_word' id='word_1_261' title='bbox 1251 2283 1321 2306; x_wconf 81' lang='lat' dir='ltr'><strong>non</strong></span> <span class='ocrx_word' id='word_1_262' title='bbox 1344 2266 1515 2320; x_wconf 82' lang='lat' dir='ltr'><strong>potuerim</strong></span> 
     </span>
     <span class='ocr_line' id='line_1_34' title="bbox 231 2325 1519 2382; baseline -0.005 -14"><span class='ocrx_word' id='word_1_263' title='bbox 231 2331 354 2382; x_wconf 76' lang='lat' dir='ltr'><strong>magis.</strong></span> <span class='ocrx_word' id='word_1_264' title='bbox 385 2330 456 2367; x_wconf 78' lang='lat' dir='ltr'><strong>Sed</strong></span> <span class='ocrx_word' id='word_1_265' title='bbox 483 2344 587 2382; x_wconf 76' lang='lat' dir='ltr'><strong>neque</strong></span> <span class='ocrx_word' id='word_1_266' title='bbox 617 2341 753 2367; x_wconf 83' lang='lat' dir='ltr'><strong>mortem</strong></span> <span class='ocrx_word' id='word_1_267' title='bbox 788 2328 865 2382; x_wconf 79' lang='lat' dir='ltr'><strong>ejus</strong></span> <span class='ocrx_word' id='word_1_268' title='bbox 889 2329 1069 2367; x_wconf 79' lang='lat' dir='ltr'><strong>vindicare</strong></span> <span class='ocrx_word' id='word_1_269' title='bbox 1096 2327 1195 2366; x_wconf 79' lang='lat' dir='ltr'><strong>licuit</strong></span> <span class='ocrx_word' id='word_1_270' title='bbox 1213 2356 1225 2373; x_wconf 94' lang='lat'>‚</span> <span class='ocrx_word' id='word_1_271' title='bbox 1251 2339 1355 2378; x_wconf 80' lang='lat' dir='ltr'><strong>neque</strong></span> <span class='ocrx_word' id='word_1_272' title='bbox 1379 2325 1519 2379; x_wconf 73' lang='lat' dir='ltr'><strong>confim-</strong></span> 
     </span>
    </p>
   </div>
   <div class='ocr_carea' id='block_1_4' title="bbox 233 2459 1518 2561">
    <p class='ocr_par' dir='ltr' id='par_1_6' title="bbox 233 2459 1518 2561">
     <span class='ocr_line' id='line_1_35' title="bbox 280 2459 1518 2508; baseline 0.002 -14"><span class='ocrx_word' id='word_1_273' title='bbox 280 2461 302 2505; x_wconf 85' lang='lat'>§</span> <span class='ocrx_word' id='word_1_274' title='bbox 322 2462 446 2495; x_wconf 81' lang='lat' dir='ltr'><strong>XVIII.</strong></span> <span class='ocrx_word' id='word_1_275' title='bbox 462 2463 576 2495; x_wconf 85' lang='lat' dir='ltr'><strong>Front.</strong></span> <span class='ocrx_word' id='word_1_276' title='bbox 591 2463 693 2496; x_wconf 83' lang='lat' dir='ltr'><strong>Strat.</strong></span> <span class='ocrx_word' id='word_1_277' title='bbox 711 2475 721 2494; x_wconf 84' lang='grc' dir='ltr'>ῐ</span> <span class='ocrx_word' id='word_1_278' title='bbox 739 2489 747 2501; x_wconf 83' lang='lat'>,</span> <span class='ocrx_word' id='word_1_279' title='bbox 766 2475 796 2494; x_wconf 64' lang='grc' dir='ltr'><strong>τ.</strong></span> <span class='ocrx_word' id='word_1_280' title='bbox 814 2463 885 2495; x_wconf 76' lang='lat' dir='ltr'><strong>Cic.</strong></span> <span class='ocrx_word' id='word_1_281' title='bbox 903 2463 1054 2497; x_wconf 60' lang='lat' dir='ltr'><strong>familiar.</strong></span> <span class='ocrx_word' id='word_1_282' title='bbox 1074 2473 1108 2496; x_wconf 82' lang='grc' dir='ltr'><strong>ῐῐ</strong></span> <span class='ocrx_word' id='word_1_283' title='bbox 1121 2489 1131 2504; x_wconf 85' lang='lat'>,</span> <span class='ocrx_word' id='word_1_284' title='bbox 1151 2473 1202 2508; x_wconf 81' lang='lat'><strong>13.</strong></span> <span class='ocrx_word' id='word_1_285' title='bbox 1221 2462 1365 2507; x_wconf 78' lang='lat' dir='ltr'><strong>Appian.</strong></span> <span class='ocrx_word' id='word_1_286' title='bbox 1385 2459 1518 2506; x_wconf 68' lang='lat' dir='ltr'><strong>§Xlxo</strong></span> 
     </span>
     <span class='ocr_line' id='line_1_36' title="bbox 233 2511 1084 2561; baseline 0.004 -14"><span class='ocrx_word' id='word_1_287' title='bbox 233 2511 337 2548; x_wconf 74' lang='lat' dir='ltr'><strong>Oros.</strong></span> <span class='ocrx_word' id='word_1_288' title='bbox 362 2515 403 2557; x_wconf 88' lang='lat'><strong>8,</strong></span> <span class='ocrx_word' id='word_1_289' title='bbox 431 2515 480 2549; x_wconf 78' lang='lat'><strong>18.</strong></span> <span class='ocrx_word' id='word_1_290' title='bbox 502 2516 646 2561; x_wconf 73' lang='lat' dir='ltr'><strong>Appian.</strong></span> <span class='ocrx_word' id='word_1_291' title='bbox 674 2516 695 2561; x_wconf 82' lang='lat'>§</span> <span class='ocrx_word' id='word_1_292' title='bbox 719 2517 793 2550; x_wconf 88' lang='lat' dir='ltr'><strong>XX.</strong></span> <span class='ocrx_word' id='word_1_293' title='bbox 818 2516 938 2560; x_wconf 60' lang='lat' dir='ltr'><strong>Vellej.</strong></span> <span class='ocrx_word' id='word_1_294' title='bbox 967 2527 1007 2558; x_wconf 84' lang='lat'><strong>2,</strong></span> <span class='ocrx_word' id='word_1_295' title='bbox 1030 2517 1084 2550; x_wconf 83' lang='lat'><strong>60.</strong></span> 
     </span>
    </p>
   </div>
  </div>
 </body>
</html>
