1685 3042
290 187 355 236 '60
452 187 544 234 JO.
590 180 1094 249 FRERINSHEMH
1130 178 1476 226 SUPPLEM:

345 294 494 335 XXVI.
526 289 600 335 Sed
636 292 798 332 aliorum
831 290 994 328 inermes
1026 294 1135 326 erant
1161 286 1351 338 querelae,
1376 298 1447 325 nec
1469 276 1573 326 ultra-

290 355 458 396 sonitum
481 354 704 407 processurae
728 351 899 391 inanium
919 362 1059 389 vocum
1078 361 1086 388 :
1111 348 1251 387 milites
1267 346 1476 398 perniciose
1492 360 1575 386 mo-

289 419 370 458 veri
395 426 592 470 coeperant
608 430 723 465 ‚non
752 427 841 454 cura
867 412 1036 460 honesti,
1065 420 1131 450 aut
1161 410 1354 450 inutilium
1378 410 1577 453 sumtuum

290 480 412 519 taedio
425 510 437 528 ‚
463 479 525 518 sed
545 479 631 530 quia
647 491 725 517 non
749 476 877 527 potius
905 475 1004 513 inter
1025 472 1124 524 ipsos
1141 474 1306 524 pecunia
1320 472 1574 512 dividebatur.

290 554 416 592 neque
431 541 681 591 quieverunt,
703 537 920 588 priusquam
943 534 1008 573 sua
1030 546 1147 572 manu
1168 541 1386 583 correptum
1405 531 1576 582 aliquem

289 602 556 653 superveniens
590 599 712 641 Caesar
739 599 786 637 ad
819 595 1052 647 supplicium-
1078 594 1366 634 centurionibus
1396 593 1574 633 tradidit.

346 663 512 704 XXVII.
530 663 604 703 Sed
627 663 691 700 hic
716 661 872 710 quidem
889 671 972 697 non
994 656 1130 706 iniuste
1145 657 1331 707 perierat:
1360 657 1457 694 duos
1479 654 1579 693 alios.

291 725 519 764 innocentes
557 722 801 764 stolidiffimae
835 717 1102 769 superstitionis
1144 716 1347 756 crudelitas
1376 715 1577 764 absumsit,

292 799 346 840 riev
381 785 532 836 publici-
569 785 725 835 quidem
760 783 898 822 erroris
934 779 1021 819 ullo
1053 787 1236 829 praetextu
1268 777 1434 818 defensat
1477 779 1581 818 Cum=

294 849 398 888 enirn
427 860 548 897 neque
574 844 774 897 Sibyllinis
798 843 907 883 libris
933 842 1010 880 hoc
1033 840 1174 890 jussum
1200 840 1317 888 effet,
1353 852 1476 890 neque
1495 839 1580 878 ullo

292 909 368 948 alio
407 915 561 957 recepto
591 905 747 945 oraculo
767 935 778 953 ,
813 905 890 944 duo
919 903 986 942 viri
1018 901 1057 941 in
1093 915 1232 952 campo
1265 902 1408 942 Martio
1435 914 1456 940 a
1483 913 1581 951 pon·
1639 939 1645 943 ,

295 970 466 1010 tificibus
504 971 539 1009 &
574 966 745 1007 Martiali
771 966 927 1006 flamine
958 963 1149 1003 immolati
1177 963 1272 1004 sunt.
1304 964 1401 1003 Inde
1423 974 1582 1002 conver—

294 1033 356 1074 sus
387 1033 435 1071 ad
463 1030 723 1070 ordinandum
752 1027 979 1079 reipublicae
1000 1026 1163 1073 statum,
1184 1026 1327 1075 judicia
1345 1025 1584 1065 senamribus

294 1096 332 1134 &
356 1093 472 1144 equiti
494 1091 674 1139 tradidit,
711 1091 868 1130 remotis
885 1120 895 1136 ,
916 1089 979 1140 qni
999 1090 1101 1128 tertii
1127 1089 1274 1130 ordinis
1302 1089 1580 1136 fuerant,aera-

294 1158 360 1197 riis
375 1157 556 1196 tribunis.
577 1155 625 1196 Et
647 1155 735 1205 quia
760 1152 938 1203 seipsum
963 1162 1187 1204 propterea,
1207 1152 1316 1203 quod
1332 1151 1462 1191 multis
1487 1163 1581 1191 con-

295 1220 463 1260 tinenter
490 1218 600 1258 annis
636 1215 801 1257 Galliam
833 1214 1079 1262 obtinuisset,
1113 1215 1270 1264 imperii
1301 1213 1582 1254 consuetudine

294 1290 456 1331 captum
481 1285 619 1327 norat,
644 1276 759 1324 tulit,
786 1288 838 1315 ne
863 1277 1049 1325 praetoriae
1066 1275 1270 1325 provinciae
1292 1272 1494 1325 plustiuam
1515 1287 1580 1313 an-

294 1356 413 1391 num,
441 1354 490 1381 ne
517 1339 721 1392 plusquam
746 1338 943 1378 biennium
969 1336 1186 1376 consulares
1217 1336 1488 1377 obtinerentur.
1521 1337 1585 1377 Αᾶ

295 1404 519 1456 replendam
566 1416 679 1455 porro
715 1402 874 1449 urbem,
904 1413 987 1450 quae
1030 1399 1285 1451 superioribus
1316 1398 1426 1438 bellis
1460 1398 1583 1438 vehe-

295 1474 447 1506 menter
480 1464 674 1504 exinanita
697 1463 845 1509 fuerat,
865 1463 900 1501 &
922 1460 1087 1500 coloniis
1107 1459 1364 1503 transmarinis
1384 1460 1583 1499 deducen-

299 1529 387 1576 dis,
419 1540 495 1577 quo
531 1526 681 1564 circiter
716 1523 911 1574 oc‘toginta
949 1521 1067 1561 millia
1113 1522 1254 1561 civium
1290 1521 1580 1569 detinebantur,

297 1589 451 1637 sanxit,
479 1588 629 1637 nequis
656 1586 750 1624 civis
786 1586 909 1633 major
936 1583 1044 1622 annis
1076 1582 1264 1632 vinginti,
1290 1582 1461 1621 minorve
1491 1594 1588 1631 qua-

301 1651 479 1700 draginta
494 1680 505 1697 ,
532 1650 595 1699 qui
612 1647 846 1686 sacramento
867 1659 943 1684 non
965 1654 1172 1692 teneretur,
1197 1643 1281 1694 plus
1307 1644 1469 1682 triennio
1492 1655 1583 1683 con.

299 1711 412 1750 tinuo
443 1709 550 1750 Italia
580 1707 722 1748 abesset
745 1720 754 1746 :
783 1719 858 1745 neu
888 1706 971 1756 quis
996 1705 1179 1744 senatoris
1205 1703 1306 1743 filius
1323 1735 1333 1750 ‚
1357 1703 1423 1743 nifi
1450 1713 1583 1744 contu·

299 1771 489 1820 bernalis‚
518 1779 584 1810 aut
610 1782 740 1809 comes
774 1768 1010 1820 magistratus
1026 1798 1039 1814 ‚
1063 1779 1228 1819 peregre
1250 1766 1546 1816 proficisceretur
1570 1782 1585 1807 τ

300 1846 399 1873 neve
428 1832 492 1879 hi,
516 1833 582 1882 qui
608 1831 826 1882 pecuariam
861 1829 1057 1878 facerent,
1091 1829 1216 1867 minus
1240 1828 1350 1867 tertia
1379 1836 1486 1878 parte
1509 1841 1579 1880 pu.

305 1895 444 1936 berum
470 1894 725 1944 ingenuorum
749 1892 848 1930 inter
873 1891 1036 1941 pastores
1063 1889 1257 1929 haberent.

355 1956 544 1998 XXVIII.
569 1952 769 2004 Proposuit
791 1955 825 1993 ἃ
849 1953 910 2000 iis,
927 1952 990 2002 qui
1015 1952 1159 1992 multos
1174 1950 1402 2001 susciperent
1417 1950 1590 2000 liberos-‚r

332 2020 486 2060 raemia:
517 2020 553 2059 δε
583 2030 718 2057 omnes
743 2017 971 2055 medicinam
1000 2016 1132 2056 Romae
1156 2013 1361 2065 professos,
1390 2016 1424 2054 δι
1448 2013 1583 2055 libera.

301 2034 401 2123 ilum
436 2082 574 2121 artium
608 2081 812 2127 doerores,
839 2093 916 2129 quo
943 2079 1126 2118 libentius
1160 2080 1194 2118 δι
1222 2078 1287 2130 ipfi
1316 2078 1448 2117 urbem
1476 2078 1584 2116 inco-

303 2144 448 2190 lerent,
475 2145 508 2183 &
535 2143 600 2182 alii
616 2150 861 2194 appeterent,
885 2142 1037 2180 civitate
1055 2140 1223 2179 donavit.
1250 2140 1404 2180 Sumtus
1426 2151 1586 2190 quoque

303 2206 455 2252 recidit,
475 2218 553 2245 non
576 2204 657 2244 lata·
672 2204 791 2243 modo
810 2202 1035 2253 diligenter,
1050 2202 1114 2241 sed
1137 2203 1250 2241 etiam
1272 2203 1461 2248 exercita,
1485 2201 1582 2251 lege.

304 2267 415 2307 usum
438 2265 690 2317 conchyliatae
716 2264 824 2304 vestis
845 2265 881 2303 δι
904 2264 1192 2314 margaritarum
1207 2293 1220 2309 ,
1240 2262 1306 2301 nifi
1328 2264 1441 2301 certis
1458 2261 1582 2311 perso..

307 2332 368 2371 nis
385 2331 420 2370 ἅ
436 2329 627 2379 aetatibus‚
649 2340 791 2380 perque
805 2334 929 2367 certos
944 2327 1041 2375 dies,
1065 2326 1220 2368 ademit.
1236 2323 1379 2364 lecticis
1393 2324 1507 2362 etiam
1528 2323 1586 2362 uti

356 2450 380 2494 5
407 2450 533 2483 XXVI.
566 2449 654 2482 Plin.
676 2448 695 2477 S
711 2476 720 2493 ‚
749 2448 801 2482 13.
824 2447 904 2482 Dio.
938 2447 965 2492 5
993 2445 1146 2483 ΧΧἯΙ.,
1164 2446 1247 2479 Dio.
1272 2444 1414 2477 Sueton.
1436 2442 1470 2474 in
1493 2436 1584 2474 <3ae4⁴-

312 2507 343 2530 c.
367 2506 421 2541 30.
446 2495 521 2530 Cic.
541 2494 629 2531 Phil.
652 2492 691 2534 8,
714 2505 744 2527 1.
