1685 3042
230 186 305 232 IN
346 184 522 233 LOC.
565 182 703 228 LIB.
739 182 923 228 CXXV
984 183 1124 231 L1V.
1250 200 1338 248 305

63 292 218 333 excitari
242 291 420 342 juffiffet,
445 296 651 329 exeuntem
675 287 924 327 circumstetit
952 289 1062 329 turba
1078 319 1090 338 ,
1114 289 1345 330 commilito.

63 369 154 394 nem
189 355 235 394 ab
270 368 315 393 eo
355 363 551 403 repetens,
587 363 702 400 quem
740 353 976 389 excruciatum
1007 354 1129 405 pertffe
1165 355 1348 395 malevoli

61 415 281 466 sparserant.
311 415 355 454 Et
382 425 477 462 aegre
512 411 643 458 leniti,
673 423 762 450 curn
795 410 860 449 ille
885 411 1087 452 incolumis
1121 413 1351 464 comparuis.

65 476 146 523 set,
167 491 184 513 e
206 489 332 514 carcere
357 475 556 526 produft'um
591 472 903 512 contendebant:
936 474 971 511 δε
999 473 1253 513 irascebantur
1281 487 1351 513 ne-

67 536 191 588 ganti,
220 535 426 589 proditorem
455 529 722 583 appellitantes
739 564 749 579 ,
775 534 810 571 δ’
841 533 878 570 in
910 533 1059 585 gratiam
1087 536 1230 586 Caefim's
1249 536 1353 588 salsa

65 598 268 647 referentem.
294 608 339 633 eo
362 595 439 641 jam
466 593 522 631 ira
547 591 801 641 procellerat,
826 603 867 630 ut
891 605 1022 631 verum
1042 594 1081 632 id
1103 594 1248 633 fastum
1262 595 1351 645 effe,

68 670 184 708 quam
199 657 265 696 fibi
292 655 415 694 deell'e
438 654 588 693 causam
620 655 826 694 occidendi
842 655 1104 704 imperatoris,
1128 655 1296 695 mallent.

124 718 229 758 XVI.
260 719 395 767 Neque
422 716 627 756 modestior
649 717 688 754 in
712 728 877 766 campo,
898 728 1010 765 quam
1034 719 1074 755 in
1096 716 1267 766 theatro,
1287 719 1357 757 mi-

70 780 148 828 les,
171 792 261 818 cum
293 781 339 817 ad
368 779 590 818 divilionem
628 786 805 828 agrorum
843 777 1009 828 opperiri
1044 778 1184 827 jussum
1210 782 1359 824 tardius

72 842 194 883 Caesar
210 842 431 890 accederet,
447 840 673 879 tumultuari
701 840 838 889 coepit:
860 850 1157 891 monentemque
1172 842 1358 887 ¹Nonium

74 905 267 955 quendam
300 904 588 951 centurionem,
625 903 821 942 valetudini
862 904 985 955 potius
1020 905 1234 956 imperatoris
1268 906 1361 944 hanc

73 968 136 1019 eſje
160 982 287 1006 moram
322 967 605 1018 adscribendam,
633 980 733 1017 quam
762 967 945 1003 contemtui
973 967 1138 1014 militum,
1163 980 1231 1016 pro
1263 969 1361 1005 adu-

73 1030 208 1077 lason,
233 1029 268 1067 6³
291 1029 465 1081 mancipio
490 1030 632 1080 Caefizris
658 1027 897 1077 proscindere
927 1028 1130 1077 conviciis,
1158 1041 1273 1077 mox,
1298 1042 1364 1068 au-

77 1093 135 1131 &a
166 1090 264 1128 inter
293 1091 458 1138 jurgium
485 1093 563 1136 ira,
595 1099 723 1139 petere
754 1088 847 1127 saxis
885 1099 1098 1139 coeperunt.
1140 1103 1264 1141 neque
1296 1100 1363 1131 aut

74 1151 295 1191 innocentia
320 1148 383 1187 sua
415 1147 581 1195 homini,
609 1157 672 1187 aut
702 1149 793 1199 fuga
825 1150 996 1200 praefidio
1028 1150 1122 1199 fuit,
1149 1164 1237 1191 cum
1264 1151 1301 1191 se
1322 1153 1366 1193 in

77 1226 232 1253 amnem
265 1208 508 1258 conjecisset,
540 1210 631 1259 quin
671 1213 860 1251 extractus
893 1211 942 1250 ab
977 1212 1082 1261 aquis
1106 1213 1367 1263 necatusque,

78 1276 197 1322 loco,
220 1274 286 1313 ubi
320 1271 589 1311 transeundum
621 1281 702 1310 erat
731 1273 898 1310 venienti
932 1273 1094 1320 Caesari,
1122 1274 1364 1322 abjiceretur.

79 1337 201 1386 Igitur
242 1334 349 1373 illum
382 1333 498 1371 amici
529 1345 708 1380 monere,
740 1334 890 1379 testari,
914 1349 955 1371 ne
973 1335 1014 1385 ft
1043 1331 1163 1385 offirat
1188 1336 1371 1386 saevienu'-

81 1401 160 1438 bus.
184 1406 222 1436 at
239 1409 284 1434 eo
308 1408 364 1433 res
393 1403 473 1432 erat
501 1395 708 1444 perducta,
734 1402 776 1432 ut
802 1394 1014 1433 constantia
1039 1395 1283 1435 retinendum
1308 1399 1375 1445 jus

84 1459 196 1507 esset,
211 1467 276 1497 aut
294 1456 401 1507 plura
416 1455 597 1505 deinceps
619 1464 732 1505 atque
751 1458 938 1495 atrociora
957 1455 1146 1503 timenda,
1165 1456 1232 1495 ubi
1253 1456 1370 1496 licen-

83 1520 137 1559 tia
159 1518 334 1557 militaris
351 1516 586 1566 imperatoris
611 1516 853 1554 dubitatione
876 1515 951 1555 alta
978 1515 1061 1565 plus
1086 1517 1224 1555 virium
1242 1518 1371 1568 aequi-

63 1622 66 1625 ,
87 1581 195 1621 fiss'et.
218 1579 383 1620 Prudens
406 1576 514 1616 fuiffe
531 1576 728 1615 confilium
755 1586 910 1616 eventus
925 1578 1040 1616 etiam
1056 1578 1199 1617 docuit.
1227 1580 1371 1630 quippe

87 1642 293 1692 conspeetu
323 1641 405 1688 ejus
445 1638 495 1677 ad
529 1638 780 1678 reverentiam
813 1640 936 1686 moti,
965 1639 1150 1678 facinoris
1183 1640 1374 1680 invidiam

89 1702 359 1744 transtulerunt
384 1701 424 1739 in
452 1713 607 1752 paucos.

56 1802 58 1805 .
145 1765 270 1806 XVII.
301 1763 368 1803 Ille
384 1793 398 1809 ,
430 1762 565 1801 leniter
590 1763 789 1812 increpans
820 1763 996 1801 hominum
1021 1762 1193 1815 ferociam
1208 1794 1219 1812 ,
1244 1766 1305 1817 qui
1328 1781 1373 1804 ne

80 1826 153 1879 fibi
179 1826 311 1878 quidem
333 1825 399 1876 ipfi
419 1823 550 1877 poſjem
570 1838 727 1875 parcere,
760 1824 881 1862 divifit
906 1837 1034 1874 agros,
1053 1826 1088 1863 ἃ
1111 1826 1266 1874 praemia
1292 1839 1374 1865 non

94 1888 237 1930 meritis
269 1887 413 1934 modo,
447 1886 510 1925 sed
543 1887 658 1925 etiam
689 1885 916 1936 quibusdam
946 1886 1028 1925 aliis
1061 1887 1181 1926 dedit.
1216 1887 1377 1927 Indulfit

95 1950 234 1996 etiam,
252 1961 290 1987 ut
315 1949 352 1986 in
381 1948 469 1985 bello
490 1946 734 1999 interseHorum
754 1949 916 2001 patribus
942 1960 1005 1986 aut
1027 1949 1165 1997 liberis,
1184 1950 1242 2000 qui
1269 1949 1378 1988 debiti

94 2013 170 2052 illis
189 2010 359 2065 ficerunt,
381 2012 457 2064 agri
484 2012 718 2050 tribuerentur.
756 2011 855 2061 Ergo
881 2010 1015 2060 vulgus
1042 2011 1230 2059 militum,
1256 2020 1298 2050 ut
1323 2013 1377 2052 est

97 2073 149 2114 ad
180 2085 314 2112 omnes
353 2071 509 2112 affeetus
548 2082 683 2111 natura
713 2071 776 2111 sua
811 2072 979 2121 mobile,
1016 2074 1167 2121 juvenis
1201 2076 1376 2114 animum

100 2134 442 2185 liberalitatemque
482 2135 694 2181 admirans,
731 2136 885 2188 conquiri
922 2135 1024 2184 juffit
1062 2138 1112 2174 ad
1141 2137 1376 2190 supplicium,

99 2200 159 2251 qui
170 2198 328 2236 Nonium
351 2197 556 2248 occidiffent.
581 2198 629 2237 At
644 2196 783 2246 Caesar,
806 2206 979 2246 tempore
996 2197 1092 2236 bene
1114 2196 1223 2246 usus,
1241 2199 1281 2249 [ὲ
1301 2200 1377 2250 qui-

99 2261 176 2298 dem
210 2273 280 2296 non
315 2259 492 2311 ignorare,
519 2257 640 2305 dixit,
672 2260 824 2296 amores
846 2257 1045 2310 fizcinoris,
1077 2258 1142 2310 fid
1173 2253 1377 2310 poeniteneia'

103 2333 298 2362 contentum
321 2335 459 2374 poenam
485 2321 658 2359 remittere.
685 2319 788 2360 Tum
814 2333 903 2360 vero
934 2319 1222 2359 conclamatum
1251 2320 1303 2358 est
1328 2320 1376 2360 ab

110 2493 139 2527 A
161 2447 378 2522 §.XVbI-„im
402 2447 493 2491 Epit.
516 2447 662 2491 Appiam
680 2448 823 2484 Suetom
848 2447 882 2479 in
904 2448 988 2493 Aug.
1012 2460 1044 2481 c.
1070 2457 1119 2489 14.
1138 2446 1219 2479 Dio,
1244 2446 1266 2491 §
1284 2446 1379 2488 XVI.

142 2504 254 2537 ppian.
313 2503 359 2524 ιο.
1010 2505 1012 2509 “

177 2547 228 2593 Τ.
256 2548 348 2594 Liv.
374 2549 473 2594 Vol.
508 2548 600 2594 XI.
1126 2544 1171 2591 V
