1685 3042
320 211 400 260 IN
444 210 788 259 Loc.L113.
826 212 963 258 cxx
1012 214 1161 261 [ηπ
1294 226 1386 275 203

111 317 192 358 dum
215 320 362 372 gerundi
389 319 471 357 belli
494 319 602 371 causa
623 331 758 370 peregre
781 318 969 370 absumus,
992 319 1099 369 hostes
1123 336 1146 358 a
1172 331 1262 371 tergo
1288 320 1391 358 relin-

108 394 230 431 quere,
248 379 307 432 qui
327 378 531 430 temporibus
553 378 674 430 nostris
697 378 920 430 infidientur,
943 380 978 419 6³
1002 382 1123 428 nohis,
1138 382 1227 419 alibi
1241 396 1392 434 ,occupa-

109 451 182 488 tts,
205 442 317 478 denuo
335 440 466 490 fluetus
493 438 633 490 aliquos
660 439 698 476 in
721 440 801 477 urbe
830 451 933 491 atque
958 440 1068 479 Italia
1091 442 1251 481 excitent.

175 500 369 542 XXXIII.
410 500 524 552 Igitur
552 515 593 538 ne
618 501 768 538 dilatum
798 502 933 552 quidem
959 503 1136 555 oportuit,
1158 505 1242 554 quin
1261 519 1278 541 e
1294 505 1394 556 vesti-

106 566 168 617 gio
184 565 224 600 de
255 563 363 601 medio
395 562 620 600 tollerentur:
653 564 794 614 quando
819 563 886 615 ipsi
899 563 1034 615 priores
1059 564 1306 602 denuntiarunt
1330 579 1395 602 no-

109 626 165 671 bis
187 623 372 676 periculum
389 653 400 671 ‚
428 623 617 675 bellumque
645 623 862 671 intulerunt,
895 624 1003 673 hostes
1023 623 1220 676 judicando
1242 626 1276 663 δ’
1301 641 1365 664 nos
1380 655 1393 673 ‚

110 687 146 724 δ’
170 687 229 739 qui
252 686 426 739 nobiftum
454 686 558 738 effent
578 679 760 726 exercitus.
782 687 860 724 Nec
882 699 963 723 vero
988 686 1129 723 nimium
1152 697 1215 724 aut
1241 686 1396 723 invidio-

105 752 185 804 fitm
211 751 279 788 rati
302 751 409 802 sunt,
446 762 496 791 tot
515 750 624 801 simul
658 750 785 788 civium
816 747 930 787 millia
960 749 1123 801 destinare
1149 748 1284 786 exitio:
1308 762 1395 800 quos

112 814 285 852 imitaturi
315 829 383 852 non
430 828 541 852 umus.
571 828 675 865 neque
710 813 799 850 enim
829 812 955 864 molesti
982 811 1048 849 ulli
1071 810 1288 850 multitudini
1321 811 1397 848 eri-

112 889 218 923 mus;
238 891 342 928 neque
371 877 474 914 etiam
505 890 549 913 ex
580 876 730 914 divitum
754 886 818 913 aut
843 876 1086 913 honoratorum
1123 887 1257 912 numero
1282 873 1397 911 inimi-

111 950 173 974 cos
194 940 308 974 omnes
331 937 593 989 conquirentus3
610 937 676 988 sed
697 937 734 973 in
753 935 927 987 pffmum
949 936 1186 974 tantummodo
1208 936 1243 974 δ’
1272 934 1396 987 foedisL

99 998 225 1048 fimum
255 1011 415 1049 quemque
441 998 669 1036 advertemus.

128 1073 130 1075 ·
178 1057 370 1100 XXXIV.
398 1059 512 1110 Igitur
535 1059 614 1097 licet
633 1059 753 1109 plures
788 1058 849 1110 effi
874 1057 1032 1095 inimicos
1059 1057 1218 1095 credibile
1243 1057 1310 1105 fiat
1333 1058 1396 1095 tri..

105 1121 201 1168 bus,
228 1134 329 1172 quam
356 1120 444 1160 uni:
469 1121 654 1173 pauciores
687 1132 801 1157 tamen
822 1120 1033 1172 puniemus,
1058 1131 1161 1169 atque
1191 1118 1288 1156 alius
1315 1130 1397 1156 ante

112 1195 180 1219 nos
203 1182 390 1234 imperator
412 1183 449 1219 in
472 1182 708 1234 constituenda
734 1181 908 1233 republica
927 1181 1037 1230 fecit,
1062 1194 1158 1232 quem
1184 1194 1249 1217 vos
1272 1180 1314 1217 ob
1330 1195 1398 1218 rem

111 1244 195 1281 bene
227 1245 354 1295 gestam
373 1243 513 1296 felicem
543 1244 821 1296 cognominastis.
851 1243 947 1280 Sane
972 1243 1075 1280 etiam
1102 1257 1143 1278 ve
1172 1243 1211 1279 r'az
1238 1256 1307 1279 non
1329 1244 1396 1280 mi-

111 1315 202 1351 nus,
229 1317 332 1355 quam
365 1305 477 1355 nostra
513 1304 637 1355 refert,
665 1303 728 1355 effi
758 1304 907 1355 aliquem
934 1304 1150 1342 certaminum
1179 1303 1309 1351 finem,
1332 1318 1395 1341 ex-

105 1366 292 1418 scindique
320 1367 417 1406 velut
440 1367 573 1405 radices
613 1366 796 1413 bellorum,
829 1367 954 1418 quibus
966 1365 1048 1417 jam
1074 1367 1157 1403 olim
1184 1367 1396 1414 atterimini,

109 1427 220 1479 paulo
236 1429 315 1480 post
339 1428 510 1465 interituri
535 1442 610 1465 cum
634 1428 809 1479 republica
824 1458 834 1476 ‚
857 1430 924 1479 nisi
944 1430 1053 1480 causae
1085 1430 1253 1481 ducesque
1266 1427 1396 1480 suffio-

112 1503 196 1527 num
215 1489 393 1530 tollantur.
419 1490 581 1542 Expedit
608 1491 735 1538 etiam,
753 1491 919 1529 nonnihil
930 1490 1049 1543 facere
1072 1492 1110 1529 in
1125 1492 1276 1543 gratiam
1297 1505 1398 1529 exet·-

111 1550 267 1597 cituum‚
287 1565 330 1589 ne
349 1550 503 1603 injurias
518 1552 609 1603 suas
636 1554 804 1592 contemni
829 1567 852 1590 a
875 1555 977 1591 nobis
998 1565 1133 1605 putent.

165 1611 337 1651 XXXV.
366 1613 419 1649 Et
433 1623 632 1663 poteramus
646 1612 779 1663 quidem
795 1615 1069 1666 comprehendere
1092 1614 1179 1653 citra
1194 1613 1389 1665 negotium,

112 1685 198 1724 quos
217 1671 395 1724 supplicio
427 1672 632 1709 addiximus
639 1687 655 1719 ,·
676 1672 743 1723 sed
765 1674 877 1725 veflrce
899 1673 1033 1726 salutis
1060 1688 1160 1726 ergo,
1180 1689 1222 1711 ne
1245 1674 1340 1711 velut
1354 1675 1394 1712 in

114 1747 202 1774 caeca
221 1734 364 1771 licentia
387 1733 534 1772 militum
559 1735 612 1772 ira
635 1734 768 1783 latius,
784 1737 947 1787 quamsit
967 1738 1392 1789 imperatum,.evagetur;

110 1794 316 1846 proscribere
338 1794 566 1842 nominatim,
583 1807 735 1847 certoque
759 1808 861 1848 atque
880 1797 1024 1847 definito
1045 1811 1183 1834 numero
1204 1798 1388 1838 malumus.

113 1856 223 1906 Quod
242 1854 350 1907 igitur
355 1854 508 1908 faustum
520 1857 683 1908 felixque
688 1859 758 1908 fit,
771 1859 932 1910 nobisque
949 1858 984 1896 δ’
1003 1859 1193 1910 reipublicae
1207 1859 1368 1912 salutare
1380 1889 1394 1906 ‚

111 1931 252 1969 quorum
266 1918 347 1955 lzuic
359 1919 462 1955 edicio
471 1917 656 1970 fitbjztnbltz
664 1919 749 1969 fitnt
762 1920 902 1958 nomina
913 1950 924 1968 ,
940 1935 1052 1958 eorum
1066 1921 1229 1959 neminem
1241 1921 1395 1973 recipere,

109 1982 244 2028 celare,
265 1981 431 2018 dimittere
454 1981 634 2033 quis-{quam
657 1982 743 2021 velit
755 1997 773 2029 ,·
794 1997 898 2035 neque
916 1984 1102 2035 pecuniam
1123 1983 1297 2035 accipere,
1323 1998 1393 2035 quo

113 2043 302 2094 quidquam
332 2057 445 2080 eorum
464 2041 607 2094 faciat.-
631 2044 690 2095 qui
715 2045 816 2096 secus
845 2043 973 2096 faxit,
1005 2045 1092 2082 inter
1120 2046 1329 2098 proscriptos
1356 2045 1393 2082 δ’

114 2106 191 2157 {Ffi
212 2103 389 2156 referatur.
418 2105 543 2156 Capita
561 2105 746 2156 occifhrum
766 2109 816 2146 ad
831 2121 896 2144 nos
915 2118 1151 2159 reportantor:
1178 2108 1216 2144 in
1231 2108 1394 2160 singula,

106 2169 144 2219 fi
167 2167 252 2204 liber
277 2167 449 2215 retulerit,
472 2167 596 2205 vicena
622 2167 728 2218 quina
752 2168 904 2220 sestertia
915 2184 933 2216 ,·
946 2170 1005 2220 fin
1036 2183 1115 2205 vero
1138 2170 1290 2221 fiemus,
1315 2184 1390 2206 cum

109 2228 270 2265 libertate
288 2226 323 2265 ἐξ*
345 2229 486 2266 civitate
501 2258 512 2275 ‚
528 2242 630 2280 quam
659 2230 758 2267 herus
781 2230 959 2278 habuerit,
976 2232 1065 2269 dena
1089 2232 1216 2268 dantor
1234 2246 1245 2268 .·
1266 2231 1392 2270 indici-

113 2290 178 2326 bus
197 2291 304 2341 paria
330 2291 472 2342 praemia
486 2291 604 2342 ficato,
639 2292 781 2334 nomina
802 2294 980 2344 praemium
1011 2294 1253 2346 accipientium
1277 2294 1316 2332 in
1335 2308 1392 2333 oc-

114 2349 209 2389 culto
231 2364 412 2401 manento,
431 2367 492 2391 nec
513 2353 551 2392 in
573 2355 830 2392 commentarios
857 2353 1051 2406 referuntor.

189 2410 376 2451 XXXVI,
418 2413 502 2452 Hac
535 2412 699 2451 clausula
741 2414 868 2454 timori
905 2415 1201 2466 occurrebatur,
1231 2429 1279 2456 ne
1309 2416 1392 2467 quis.

161 2524 184 2573 5
208 2524 367 2562 XXXIV.
389 2525 492 2562 Oxos.
512 2530 551 2568 ὁ,
581 2529 628 2561 [S.
653 2530 798 2574 Appiam„
