<?xml version="1.0" encoding="UTF-8"?>
<!DOCTYPE html PUBLIC "-//W3C//DTD XHTML 1.0 Transitional//EN"
    "http://www.w3.org/TR/xhtml1/DTD/xhtml1-transitional.dtd">
<html xmlns="http://www.w3.org/1999/xhtml" xml:lang="en" lang="en">
 <head>
  <title>
</title>
<meta http-equiv="Content-Type" content="text/html;charset=utf-8" />
  <meta name='ocr-system' content='tesseract 3.04.00' />
  <meta name='ocr-capabilities' content='ocr_page ocr_carea ocr_par ocr_line ocrx_word'/>
</head>
<body>
  <div class='ocr_page' id='page_1' title='image "./historiarumlibri11livyuoft_0370.png"; bbox 0 0 1685 3042; ppageno 0'>
   <div class='ocr_carea' id='block_1_1' title="bbox 248 180 1438 265">
    <p class='ocr_par' dir='ltr' id='par_1_1' title="bbox 248 180 1438 265">
     <span class='ocr_line' id='line_1_1' title="bbox 248 180 1438 265; baseline -0.003 -19"><span class='ocrx_word' id='word_1_1' title='bbox 248 212 340 265; x_wconf 71' lang='lat'>354</span> <span class='ocrx_word' id='word_1_2' title='bbox 405 196 1028 246; x_wconf 79' lang='lat' dir='ltr'>JO.FRE1NSHEM11</span> <span class='ocrx_word' id='word_1_3' title='bbox 1071 180 1438 242; x_wconf 60' lang='lat' dir='ltr'>supernam.</span> 
     </span>
    </p>
   </div>
   <div class='ocr_carea' id='block_1_2' title="bbox 223 301 1532 2355">
    <p class='ocr_par' dir='ltr' id='par_1_2' title="bbox 223 301 1532 2355">
     <span class='ocr_line' id='line_1_2' title="bbox 243 301 1532 354; baseline -0.009 -7"><span class='ocrx_word' id='word_1_4' title='bbox 243 306 416 348; x_wconf 79' lang='lat' dir='ltr'><strong>tionibus</strong></span> <span class='ocrx_word' id='word_1_5' title='bbox 438 317 525 344; x_wconf 85' lang='lat' dir='ltr'>cum</span> <span class='ocrx_word' id='word_1_6' title='bbox 561 304 728 345; x_wconf 87' lang='lat' dir='ltr'>Antonio</span> <span class='ocrx_word' id='word_1_7' title='bbox 754 304 961 354; x_wconf 82' lang='lat' dir='ltr'><strong>pepigerat.</strong></span> <span class='ocrx_word' id='word_1_8' title='bbox 998 301 1230 351; x_wconf 72' lang='lat' dir='ltr'>Adjet’tum,</span> <span class='ocrx_word' id='word_1_9' title='bbox 1261 301 1395 354; x_wconf 81' lang='lat' dir='ltr'>utrique</span> <span class='ocrx_word' id='word_1_10' title='bbox 1425 301 1532 351; x_wconf 84' lang='lat' dir='ltr'><em>impe.</em></span> 
     </span>
     <span class='ocr_line' id='line_1_3' title="bbox 244 359 1531 416; baseline -0.005 -9"><span class='ocrx_word' id='word_1_11' title='bbox 244 370 354 408; x_wconf 73' lang='lat' dir='ltr'>razon·</span> <span class='ocrx_word' id='word_1_12' title='bbox 379 369 477 407; x_wconf 78' lang='lat' dir='ltr'>licere</span> <span class='ocrx_word' id='word_1_13' title='bbox 505 367 651 406; x_wconf 59' lang='lat' dir='ltr'>deleelus</span> <span class='ocrx_word' id='word_1_14' title='bbox 675 367 795 405; x_wconf 83' lang='lat' dir='ltr'>habere</span> <span class='ocrx_word' id='word_1_15' title='bbox 821 366 859 403; x_wconf 84' lang='lat' dir='ltr'>in</span> <span class='ocrx_word' id='word_1_16' title='bbox 885 364 1023 411; x_wconf 71' lang='lat' dir='ltr'>ltalia,</span> <span class='ocrx_word' id='word_1_17' title='bbox 1043 364 1128 416; x_wconf 83' lang='lat' dir='ltr'>pari</span> <span class='ocrx_word' id='word_1_18' title='bbox 1158 377 1305 403; x_wconf 79' lang='lat' dir='ltr'>numero.</span> <span class='ocrx_word' id='word_1_19' title='bbox 1336 359 1531 402; x_wconf 74' lang='lat' dir='ltr'>Antonius¹</span> 
     </span>
     <span class='ocr_line' id='line_1_4' title="bbox 241 422 1528 480; baseline -0.005 -12"><span class='ocrx_word' id='word_1_20' title='bbox 241 430 282 469; x_wconf 87' lang='lat' dir='ltr'>in</span> <span class='ocrx_word' id='word_1_21' title='bbox 310 428 731 480; x_wconf 61' lang='lat' dir='ltr'>gratiam&#39;Oc&#39;taviani,</span> <span class='ocrx_word' id='word_1_22' title='bbox 769 425 880 476; x_wconf 90' lang='lat' dir='ltr'>quod·</span> <span class='ocrx_word' id='word_1_23' title='bbox 899 424 1083 464; x_wconf 60' lang='lat' dir='ltr'>haetenus</span> <span class='ocrx_word' id='word_1_24' title='bbox 1115 422 1361 474; x_wconf 78' lang='lat' dir='ltr'>neglexerat,</span> <span class='ocrx_word' id='word_1_25' title='bbox 1396 424 1528 462; x_wconf 86' lang='lat' dir='ltr'>flami-</span> 
     </span>
     <span class='ocr_line' id='line_1_5' title="bbox 240 478 1527 540; baseline -0.005 -11"><span class='ocrx_word' id='word_1_26' title='bbox 240 490 307 529; x_wconf 89' lang='lat' dir='ltr'>nio</span> <span class='ocrx_word' id='word_1_27' title='bbox 331 489 480 529; x_wconf 85' lang='lat' dir='ltr'>Caesaris</span> <span class='ocrx_word' id='word_1_28' title='bbox 507 488 624 540; x_wconf 84' lang='lat' dir='ltr'>patris</span> <span class='ocrx_word' id='word_1_29' title='bbox 661 485 878 536; x_wconf 79' lang='lat' dir='ltr'>inaugurari</span> <span class='ocrx_word' id='word_1_30' title='bbox 901 484 1026 534; x_wconf 71' lang='lat' dir='ltr'>passus</span> <span class='ocrx_word' id='word_1_31' title='bbox 1051 484 1114 523; x_wconf 91' lang='lat' dir='ltr'>est.</span> <span class='ocrx_word' id='word_1_32' title='bbox 1145 478 1232 524; x_wconf 65' lang='lat' dir='ltr'>Hoc</span> <span class='ocrx_word' id='word_1_33' title='bbox 1257 484 1332 523; x_wconf 83' lang='lat' dir='ltr'>fuit</span> <span class='ocrx_word' id='word_1_34' title='bbox 1364 483 1527 523; x_wconf 87' lang='lat' dir='ltr'>Brundi-</span> 
     </span>
     <span class='ocr_line' id='line_1_6' title="bbox 245 544 1525 599; baseline -0.008 -6"><span class='ocrx_word' id='word_1_35' title='bbox 245 554 368 593; x_wconf 80' lang='lat' dir='ltr'>finum</span> <span class='ocrx_word' id='word_1_36' title='bbox 398 552 495 591; x_wconf 87' lang='lat' dir='ltr'>illud</span> <span class='ocrx_word' id='word_1_37' title='bbox 527 551 680 595; x_wconf 85' lang='lat' dir='ltr'>foedus,</span> <span class='ocrx_word' id='word_1_38' title='bbox 708 548 812 599; x_wconf 89' lang='lat' dir='ltr'>quod</span> <span class='ocrx_word' id='word_1_39' title='bbox 843 556 925 584; x_wconf 90' lang='lat' dir='ltr'>tum</span> <span class='ocrx_word' id='word_1_40' title='bbox 959 546 1116 596; x_wconf 87' lang='lat' dir='ltr'>quidem</span> <span class='ocrx_word' id='word_1_41' title='bbox 1149 545 1397 585; x_wconf 75' lang='lat' dir='ltr'>cruentissimi</span> <span class='ocrx_word' id='word_1_42' title='bbox 1433 544 1525 584; x_wconf 86' lang='lat' dir='ltr'>belli</span> 
     </span>
     <span class='ocr_line' id='line_1_7' title="bbox 241 607 1529 658; baseline -0.009 1"><span class='ocrx_word' id='word_1_43' title='bbox 241 627 348 658; x_wconf 88' lang='lat' dir='ltr'>metu</span> <span class='ocrx_word' id='word_1_44' title='bbox 391 616 539 657; x_wconf 83' lang='lat' dir='ltr'>Italiam</span> <span class='ocrx_word' id='word_1_45' title='bbox 579 613 754 652; x_wconf 87' lang='lat' dir='ltr'>absolvit.</span> <span class='ocrx_word' id='word_1_46' title='bbox 793 610 886 649; x_wconf 88' lang='lat' dir='ltr'>Inde</span> <span class='ocrx_word' id='word_1_47' title='bbox 916 609 974 648; x_wconf 84' lang='lat' dir='ltr'>M.</span> <span class='ocrx_word' id='word_1_48' title='bbox 1009 608 1198 647; x_wconf 82' lang='lat' dir='ltr'>Antonius</span> <span class='ocrx_word' id='word_1_49' title='bbox 1236 609 1273 647; x_wconf 88' lang='lat' dir='ltr'>P.</span> <span class='ocrx_word' id='word_1_50' title='bbox 1300 607 1529 647; x_wconf 82' lang='lat' dir='ltr'>Ventidium</span> 
     </span>
     <span class='ocr_line' id='line_1_8' title="bbox 241 669 1529 722; baseline -0.008 -4"><span class='ocrx_word' id='word_1_51' title='bbox 241 679 282 718; x_wconf 86' lang='lat' dir='ltr'>in</span> <span class='ocrx_word' id='word_1_52' title='bbox 319 679 439 720; x_wconf 77' lang='lat' dir='ltr'>Asiam</span> <span class='ocrx_word' id='word_1_53' title='bbox 481 677 606 722; x_wconf 78' lang='lat' dir='ltr'>misit,</span> <span class='ocrx_word' id='word_1_54' title='bbox 643 683 686 713; x_wconf 91' lang='lat' dir='ltr'>ut</span> <span class='ocrx_word' id='word_1_55' title='bbox 717 671 939 713; x_wconf 81' lang='lat' dir='ltr'>Parthorum</span> <span class='ocrx_word' id='word_1_56' title='bbox 971 672 1006 709; x_wconf 69' lang='grc' dir='ltr'>δι</span> <span class='ocrx_word' id='word_1_57' title='bbox 1033 669 1191 710; x_wconf 81' lang='lat' dir='ltr'>Labieni</span> <span class='ocrx_word' id='word_1_58' title='bbox 1221 669 1422 709; x_wconf 85' lang='lat' dir='ltr'>conatibus</span> <span class='ocrx_word' id='word_1_59' title='bbox 1456 669 1529 708; x_wconf 92' lang='lat' dir='ltr'>ob-</span> 
     </span>
     <span class='ocr_line' id='line_1_9' title="bbox 244 731 1531 787; baseline -0.011 -4"><span class='ocrx_word' id='word_1_60' title='bbox 244 744 396 784; x_wconf 82' lang='lat' dir='ltr'>fisteret.</span> <span class='ocrx_word' id='word_1_61' title='bbox 436 739 502 778; x_wconf 85' lang='lat' dir='ltr'>alii</span> <span class='ocrx_word' id='word_1_62' title='bbox 542 748 696 787; x_wconf 86' lang='lat' dir='ltr'>quoque</span> <span class='ocrx_word' id='word_1_63' title='bbox 726 736 1005 784; x_wconf 81' lang='lat' dir='ltr'>imperatorum</span> <span class='ocrx_word' id='word_1_64' title='bbox 1041 732 1191 777; x_wconf 89' lang='lat' dir='ltr'>amici,</span> <span class='ocrx_word' id='word_1_65' title='bbox 1231 743 1305 781; x_wconf 89' lang='lat' dir='ltr'>quo</span> <span class='ocrx_word' id='word_1_66' title='bbox 1341 731 1531 769; x_wconf 82' lang='lat' dir='ltr'>vocabant</span> 
     </span>
     <span class='ocr_line' id='line_1_10' title="bbox 246 790 1532 853; baseline -0.012 -11"><span class='ocrx_word' id='word_1_67' title='bbox 246 803 427 853; x_wconf 75' lang='lat' dir='ltr'>negotia,</span> <span class='ocrx_word' id='word_1_68' title='bbox 461 797 612 838; x_wconf 80' lang='lat' dir='ltr'>dimiffi.</span> <span class='ocrx_word' id='word_1_69' title='bbox 657 796 733 836; x_wconf 87' lang='lat' dir='ltr'>Sed</span> <span class='ocrx_word' id='word_1_70' title='bbox 773 793 926 834; x_wconf 73' lang='lat' dir='ltr'>Caesaris</span> <span class='ocrx_word' id='word_1_71' title='bbox 967 792 1131 840; x_wconf 78' lang='lat' dir='ltr'>milites,</span> <span class='ocrx_word' id='word_1_72' title='bbox 1162 799 1352 843; x_wconf 88' lang='lat' dir='ltr'>quotquot</span> <span class='ocrx_word' id='word_1_73' title='bbox 1386 790 1532 844; x_wconf 74' lang='lat' dir='ltr'>Philip-²·</span> 
     </span>
     <span class='ocr_line' id='line_1_11' title="bbox 237 854 1531 918; baseline -0.009 -14"><span class='ocrx_word' id='word_1_74' title='bbox 237 865 343 918; x_wconf 74' lang='lat' dir='ltr'>pensi</span> <span class='ocrx_word' id='word_1_75' title='bbox 376 862 480 902; x_wconf 90' lang='lat' dir='ltr'>bello</span> <span class='ocrx_word' id='word_1_76' title='bbox 511 858 762 898; x_wconf 77' lang='lat' dir='ltr'>interfuerant</span> <span class='ocrx_word' id='word_1_77' title='bbox 785 886 796 904; x_wconf 78' lang='grc'>,</span> <span class='ocrx_word' id='word_1_78' title='bbox 831 854 1052 894; x_wconf 83' lang='lat' dir='ltr'>Antonium</span> <span class='ocrx_word' id='word_1_79' title='bbox 1075 854 1427 901; x_wconf 78' lang='lat' dir='ltr'>circumsteterunt,</span> <span class='ocrx_word' id='word_1_80' title='bbox 1458 865 1531 903; x_wconf 89' lang='lat' dir='ltr'>pe-</span> 
     </span>
     <span class='ocr_line' id='line_1_12' title="bbox 239 913 1532 974; baseline -0.012 -8"><span class='ocrx_word' id='word_1_81' title='bbox 239 928 395 967; x_wconf 80' lang='lat' dir='ltr'>cuniam</span> <span class='ocrx_word' id='word_1_82' title='bbox 421 917 674 974; x_wconf 73' lang='lat' dir='ltr'>postulantes,</span> <span class='ocrx_word' id='word_1_83' title='bbox 706 924 817 970; x_wconf 66' lang='lat' dir='ltr'>quarn</span> <span class='ocrx_word' id='word_1_84' title='bbox 843 917 910 955; x_wconf 89' lang='lat' dir='ltr'>ille</span> <span class='ocrx_word' id='word_1_85' title='bbox 937 929 1002 967; x_wconf 90' lang='lat' dir='ltr'>per</span> <span class='ocrx_word' id='word_1_86' title='bbox 1024 915 1147 955; x_wconf 73' lang='lat' dir='ltr'>&#39;Aliam</span> <span class='ocrx_word' id='word_1_87' title='bbox 1169 915 1220 953; x_wconf 91' lang='lat' dir='ltr'>ad</span> <span class='ocrx_word' id='word_1_88' title='bbox 1247 913 1426 953; x_wconf 88' lang='lat' dir='ltr'>solvenda</span> <span class='ocrx_word' id='word_1_89' title='bbox 1459 915 1532 952; x_wconf 89' lang='lat' dir='ltr'>mi-</span> 
     </span>
     <span class='ocr_line' id='line_1_13' title="bbox 237 974 1528 1036; baseline -0.01 -8"><span class='ocrx_word' id='word_1_90' title='bbox 237 990 370 1029; x_wconf 80' lang='lat' dir='ltr'>litibus</span> <span class='ocrx_word' id='word_1_91' title='bbox 399 985 554 1036; x_wconf 76' lang='lat' dir='ltr'>praemia</span> <span class='ocrx_word' id='word_1_92' title='bbox 579 983 721 1031; x_wconf 79' lang='lat' dir='ltr'>cogere</span> <span class='ocrx_word' id='word_1_93' title='bbox 747 980 943 1020; x_wconf 72' lang='lat' dir='ltr'>debuerat.</span> <span class='ocrx_word' id='word_1_94' title='bbox 964 974 1065 1018; x_wconf 64' lang='lat' dir='ltr'>¹Nec</span> <span class='ocrx_word' id='word_1_95' title='bbox 1091 976 1226 1028; x_wconf 89' lang='lat' dir='ltr'>procul</span> <span class='ocrx_word' id='word_1_96' title='bbox 1252 976 1423 1028; x_wconf 87' lang='lat' dir='ltr'>periculo</span> <span class='ocrx_word' id='word_1_97' title='bbox 1453 978 1528 1016; x_wconf 83' lang='lat' dir='ltr'>An-</span> 
     </span>
     <span class='ocr_line' id='line_1_14' title="bbox 239 1039 1529 1094; baseline -0.012 -2"><span class='ocrx_word' id='word_1_98' title='bbox 239 1052 369 1092; x_wconf 85' lang='lat' dir='ltr'>tonius</span> <span class='ocrx_word' id='word_1_99' title='bbox 393 1058 494 1094; x_wconf 82' lang='lat' dir='ltr'>erat,</span> <span class='ocrx_word' id='word_1_100' title='bbox 518 1045 585 1085; x_wconf 81' lang='lat' dir='ltr'>nifi</span> <span class='ocrx_word' id='word_1_101' title='bbox 610 1040 1009 1094; x_wconf 55' lang='lat' dir='ltr'>Caesafexpromiffor</span> <span class='ocrx_word' id='word_1_102' title='bbox 1032 1039 1266 1091; x_wconf 85' lang='lat' dir='ltr'>sponsorque</span> <span class='ocrx_word' id='word_1_103' title='bbox 1290 1051 1359 1090; x_wconf 87' lang='lat' dir='ltr'>pto</span> <span class='ocrx_word' id='word_1_104' title='bbox 1388 1052 1434 1078; x_wconf 88' lang='lat' dir='ltr'>eo</span> <span class='ocrx_word' id='word_1_105' title='bbox 1458 1052 1529 1078; x_wconf 77' lang='lat' dir='ltr'>ex-</span> 
     </span>
     <span class='ocr_line' id='line_1_15' title="bbox 239 1097 1526 1157; baseline -0.014 -2"><span class='ocrx_word' id='word_1_106' title='bbox 239 1112 396 1155; x_wconf 75' lang='lat' dir='ltr'>stitiffet.</span> <span class='ocrx_word' id='word_1_107' title='bbox 731 1121 733 1124; x_wconf 55' lang='lat'><em>⁴</em></span> <span class='ocrx_word' id='word_1_108' title='bbox 1335 1097 1340 1104; x_wconf 94' lang='grc'><strong>’</strong></span> <span class='ocrx_word' id='word_1_109' title='bbox 1390 1116 1393 1118; x_wconf 46' lang='grc'><strong>“</strong></span> <span class='ocrx_word' id='word_1_110' title='bbox 1500 1148 1526 1157; x_wconf 21' lang='lat'>¹.</span> 
     </span>
     <span class='ocr_line' id='line_1_16' title="bbox 255 1165 1529 1230; baseline -0.01 -5"><span class='ocrx_word' id='word_1_111' title='bbox 255 1185 265 1190; x_wconf 79' lang='grc'><strong>”</strong></span> <span class='ocrx_word' id='word_1_112' title='bbox 290 1183 440 1227; x_wconf 88' lang='lat' dir='ltr'>XXVI.</span> <span class='ocrx_word' id='word_1_113' title='bbox 471 1180 574 1222; x_wconf 86' lang='lat' dir='ltr'>Tum</span> <span class='ocrx_word' id='word_1_114' title='bbox 591 1184 860 1230; x_wconf 73' lang='lat' dir='ltr'>properatum,</span> <span class='ocrx_word' id='word_1_115' title='bbox 881 1165 989 1214; x_wconf 85' lang='lat' dir='ltr'>utin</span> <span class='ocrx_word' id='word_1_116' title='bbox 1013 1173 1184 1213; x_wconf 86' lang='lat' dir='ltr'>colonias</span> <span class='ocrx_word' id='word_1_117' title='bbox 1207 1173 1374 1224; x_wconf 86' lang='lat' dir='ltr'>veterani</span> <span class='ocrx_word' id='word_1_118' title='bbox 1400 1169 1529 1223; x_wconf 73' lang='lat' dir='ltr'>dimit-</span> 
     </span>
     <span class='ocr_line' id='line_1_17' title="bbox 237 1220 1527 1295; baseline -0.011 -7"><span class='ocrx_word' id='word_1_119' title='bbox 237 1242 429 1293; x_wconf 65' lang='lat' dir='ltr'>iterentur,</span> <span class='ocrx_word' id='word_1_120' title='bbox 460 1257 507 1282; x_wconf 88' lang='lat' dir='ltr'>ne</span> <span class='ocrx_word' id='word_1_121' title='bbox 545 1241 612 1282; x_wconf 86' lang='lat' dir='ltr'>sub</span> <span class='ocrx_word' id='word_1_122' title='bbox 652 1231 761 1295; x_wconf 74' lang='lat' dir='ltr'>signis</span> <span class='ocrx_word' id='word_1_123' title='bbox 797 1237 922 1278; x_wconf 88' lang='lat' dir='ltr'>habiti</span> <span class='ocrx_word' id='word_1_124' title='bbox 960 1235 1169 1275; x_wconf 88' lang='lat' dir='ltr'>tumultum</span> <span class='ocrx_word' id='word_1_125' title='bbox 1190 1231 1448 1287; x_wconf 58' lang='lat' dir='ltr'>renovarent.</span> <span class='ocrx_word' id='word_1_126' title='bbox 1477 1220 1527 1274; x_wconf 80' lang='lat' dir='ltr'>A&#39;t</span> 
     </span>
     <span class='ocr_line' id='line_1_18' title="bbox 236 1284 1528 1360; baseline -0.012 -11"><span class='ocrx_word' id='word_1_127' title='bbox 236 1310 470 1360; x_wconf 83' lang='lat' dir='ltr'>Pompejus,</span> <span class='ocrx_word' id='word_1_128' title='bbox 497 1305 627 1344; x_wconf 83' lang='lat' dir='ltr'>audita</span> <span class='ocrx_word' id='word_1_129' title='bbox 661 1301 815 1359; x_wconf 73' lang='lat' dir='ltr'>Caesaris</span> <span class='ocrx_word' id='word_1_130' title='bbox 851 1302 886 1340; x_wconf 65' lang='grc' dir='ltr'>ὃς</span> <span class='ocrx_word' id='word_1_131' title='bbox 917 1298 1075 1339; x_wconf 86' lang='lat' dir='ltr'>Antonii</span> <span class='ocrx_word' id='word_1_132' title='bbox 1100 1295 1410 1351; x_wconf 29' lang='lat' dir='ltr'>&#39;conjunclionffi</span> <span class='ocrx_word' id='word_1_133' title='bbox 1439 1284 1528 1348; x_wconf 80' lang='lat' dir='ltr'>curn</span> 
     </span>
     <span class='ocr_line' id='line_1_19' title="bbox 235 1349 1526 1417; baseline -0.013 -4"><span class='ocrx_word' id='word_1_134' title='bbox 235 1370 413 1413; x_wconf 80' lang='lat' dir='ltr'>adversus</span> <span class='ocrx_word' id='word_1_135' title='bbox 440 1368 476 1407; x_wconf 79' lang='lat' dir='ltr'>se</span> <span class='ocrx_word' id='word_1_136' title='bbox 510 1362 874 1417; x_wconf 77' lang='lat' dir='ltr'>initam·cred²eret‚</span> <span class='ocrx_word' id='word_1_137' title='bbox 904 1360 1063 1401; x_wconf 81' lang='lat' dir='ltr'>Menam</span> <span class='ocrx_word' id='word_1_138' title='bbox 1092 1355 1362 1411; x_wconf 80' lang='lat' dir='ltr'>archipiratam</span> <span class='ocrx_word' id='word_1_139' title='bbox 1389 1349 1526 1409; x_wconf 87' lang='lat' dir='ltr'>(quod</span> 
     </span>
     <span class='ocr_line' id='line_1_20' title="bbox 235 1415 1528 1475; baseline -0.016 -1"><span class='ocrx_word' id='word_1_140' title='bbox 235 1431 470 1475; x_wconf 83' lang='lat' dir='ltr'>vocabulum</span> <span class='ocrx_word' id='word_1_141' title='bbox 501 1442 521 1468; x_wconf 91' lang='lat' dir='ltr'>a</span> <span class='ocrx_word' id='word_1_142' title='bbox 554 1425 796 1471; x_wconf 84' lang='lat' dir='ltr'>Menodoro‚</span> <span class='ocrx_word' id='word_1_143' title='bbox 824 1420 1152 1473; x_wconf 83' lang='lat' dir='ltr'>quemadmodum</span> <span class='ocrx_word' id='word_1_144' title='bbox 1183 1417 1248 1457; x_wconf 75' lang='lat' dir='ltr'>alii</span> <span class='ocrx_word' id='word_1_145' title='bbox 1273 1415 1444 1465; x_wconf 73' lang='lat' dir='ltr'>vocant,</span> <span class='ocrx_word' id='word_1_146' title='bbox 1469 1415 1528 1471; x_wconf 70' lang='lat' dir='ltr'>di7</span> 
     </span>
     <span class='ocr_line' id='line_1_21' title="bbox 237 1478 1527 1543; baseline -0.012 -9"><span class='ocrx_word' id='word_1_147' title='bbox 237 1496 431 1535; x_wconf 85' lang='lat' dir='ltr'>minutum</span> <span class='ocrx_word' id='word_1_148' title='bbox 457 1489 538 1543; x_wconf 89' lang='lat' dir='ltr'>est)</span> <span class='ocrx_word' id='word_1_149' title='bbox 570 1483 673 1526; x_wconf 76' lang='lat' dir='ltr'>cum&#39;</span> <span class='ocrx_word' id='word_1_150' title='bbox 693 1493 800 1535; x_wconf 87' lang='lat' dir='ltr'>parte</span> <span class='ocrx_word' id='word_1_151' title='bbox 831 1482 952 1521; x_wconf 82' lang='lat' dir='ltr'>claffis</span> <span class='ocrx_word' id='word_1_152' title='bbox 981 1483 1165 1520; x_wconf 85' lang='lat' dir='ltr'>damnum</span> <span class='ocrx_word' id='word_1_153' title='bbox 1193 1478 1352 1535; x_wconf 71' lang='lat' dir='ltr'>aliquod</span> <span class='ocrx_word' id='word_1_154' title='bbox 1387 1478 1527 1518; x_wconf 67' lang='lat' dir='ltr'>inferre</span> 
     </span>
     <span class='ocr_line' id='line_1_22' title="bbox 236 1534 1522 1602; baseline -0.014 -4"><span class='ocrx_word' id='word_1_155' title='bbox 236 1554 455 1599; x_wconf 79' lang='lat' dir='ltr'>adversariis</span> <span class='ocrx_word' id='word_1_156' title='bbox 473 1551 588 1602; x_wconf 82' lang='lat' dir='ltr'>juffit.</span> <span class='ocrx_word' id='word_1_157' title='bbox 615 1548 707 1594; x_wconf 90' lang='lat' dir='ltr'>Ille,</span> <span class='ocrx_word' id='word_1_158' title='bbox 722 1547 831 1586; x_wconf 81' lang='lat' dir='ltr'>litore</span> <span class='ocrx_word' id='word_1_159' title='bbox 852 1543 1006 1585; x_wconf 86' lang='lat' dir='ltr'>Etrusco</span> <span class='ocrx_word' id='word_1_160' title='bbox 1028 1541 1227 1599; x_wconf 75' lang='lat' dir='ltr'>deyastatis</span> <span class='ocrx_word' id='word_1_161' title='bbox 1251 1534 1452 1591; x_wconf 85' lang='lat' dir='ltr'>plerisque,</span> <span class='ocrx_word' id='word_1_162' title='bbox 1466 1542 1522 1593; x_wconf 85' lang='lat' dir='ltr'>M.</span> 
     </span>
     <span class='ocr_line' id='line_1_23' title="bbox 236 1594 1527 1666; baseline -0.015 -6"><span class='ocrx_word' id='word_1_163' title='bbox 236 1620 410 1666; x_wconf 86' lang='lat' dir='ltr'>Titium,</span> <span class='ocrx_word' id='word_1_164' title='bbox 444 1628 558 1655; x_wconf 88' lang='lat' dir='ltr'>naves</span> <span class='ocrx_word' id='word_1_165' title='bbox 583 1610 755 1662; x_wconf 83' lang='lat' dir='ltr'>&#39;propriae</span> <span class='ocrx_word' id='word_1_166' title='bbox 786 1607 968 1660; x_wconf 81' lang='lat' dir='ltr'>potentiae</span> <span class='ocrx_word' id='word_1_167' title='bbox 999 1594 1234 1646; x_wconf 73' lang='lat' dir='ltr'>stabiliendae</span> <span class='ocrx_word' id='word_1_168' title='bbox 1270 1603 1379 1643; x_wconf 84' lang='lat' dir='ltr'>causa</span> <span class='ocrx_word' id='word_1_169' title='bbox 1417 1594 1527 1642; x_wconf 56' lang='lat' dir='ltr'>comss</span> 
     </span>
     <span class='ocr_line' id='line_1_24' title="bbox 232 1664 1525 1735; baseline -0.012 -13"><span class='ocrx_word' id='word_1_170' title='bbox 232 1689 460 1735; x_wconf 85' lang='lat' dir='ltr'>parantem,</span> <span class='ocrx_word' id='word_1_171' title='bbox 495 1677 536 1716; x_wconf 89' lang='lat' dir='ltr'>in</span> <span class='ocrx_word' id='word_1_172' title='bbox 565 1667 817 1716; x_wconf 65' lang='lat' dir='ltr'>Narbonenfi‘</span> <span class='ocrx_word' id='word_1_173' title='bbox 836 1669 959 1712; x_wconf 88' lang='lat' dir='ltr'>Gallia</span> <span class='ocrx_word' id='word_1_174' title='bbox 999 1669 1124 1719; x_wconf 78' lang='lat' dir='ltr'>cepit,</span> <span class='ocrx_word' id='word_1_175' title='bbox 1150 1664 1411 1717; x_wconf 78' lang='lat' dir='ltr'>servavitque,</span> <span class='ocrx_word' id='word_1_176' title='bbox 1440 1674 1525 1706; x_wconf 86' lang='lat' dir='ltr'>tum</span> 
     </span>
     <span class='ocr_line' id='line_1_25' title="bbox 234 1723 1523 1799; baseline -0.016 -13"><span class='ocrx_word' id='word_1_177' title='bbox 234 1755 392 1799; x_wconf 86' lang='lat' dir='ltr'>propter</span> <span class='ocrx_word' id='word_1_178' title='bbox 421 1750 567 1793; x_wconf 85' lang='lat' dir='ltr'>patrem</span> <span class='ocrx_word' id='word_1_179' title='bbox 610 1733 758 1778; x_wconf 74' lang='lat' dir='ltr'>Titium</span> <span class='ocrx_word' id='word_1_180' title='bbox 772 1734 941 1791; x_wconf 54' lang='lat' dir='ltr'>,j&#39;unum&#39;</span> <span class='ocrx_word' id='word_1_181' title='bbox 960 1745 1008 1772; x_wconf 80' lang='lat' dir='ltr'>ex</span> <span class='ocrx_word' id='word_1_182' title='bbox 1043 1724 1289 1782; x_wconf 63' lang='lat' dir='ltr'>proscriptis3&#39;</span> <span class='ocrx_word' id='word_1_183' title='bbox 1317 1730 1380 1780; x_wconf 89' lang='lat' dir='ltr'>qui</span> <span class='ocrx_word' id='word_1_184' title='bbox 1419 1723 1523 1779; x_wconf 81' lang='lat' dir='ltr'>apud</span> 
     </span>
     <span class='ocr_line' id='line_1_26' title="bbox 236 1792 1521 1854; baseline -0.016 -4"><span class='ocrx_word' id='word_1_185' title='bbox 236 1811 395 1850; x_wconf 87' lang='lat' dir='ltr'>Sextum</span> <span class='ocrx_word' id='word_1_186' title='bbox 426 1801 610 1854; x_wconf 81' lang='lat' dir='ltr'>degebat,</span> <span class='ocrx_word' id='word_1_187' title='bbox 641 1808 725 1838; x_wconf 87' lang='lat' dir='ltr'>tum</span> <span class='ocrx_word' id='word_1_188' title='bbox 760 1792 866 1848; x_wconf 59' lang='lat' dir='ltr'>quia*</span> <span class='ocrx_word' id='word_1_189' title='bbox 885 1793 1027 1836; x_wconf 78' lang='lat' dir='ltr'>milites</span> <span class='ocrx_word' id='word_1_190' title='bbox 1061 1795 1141 1843; x_wconf 86' lang='lat' dir='ltr'>ejus</span> <span class='ocrx_word' id='word_1_191' title='bbox 1176 1792 1349 1843; x_wconf 83' lang='lat' dir='ltr'>PompeJ&#39;i</span> <span class='ocrx_word' id='word_1_192' title='bbox 1377 1805 1521 1832; x_wconf 90' lang='lat' dir='ltr'>nomen</span> 
     </span>
     <span class='ocr_line' id='line_1_27' title="bbox 236 1841 1525 1914; baseline -0.014 -3"><span class='ocrx_word' id='word_1_193' title='bbox 236 1871 352 1911; x_wconf 86' lang='lat' dir='ltr'>scutis</span> <span class='ocrx_word' id='word_1_194' title='bbox 391 1865 615 1914; x_wconf 83' lang='lat' dir='ltr'>inscriptum</span> <span class='ocrx_word' id='word_1_195' title='bbox 657 1859 866 1899; x_wconf 85' lang='lat' dir='ltr'>habebant.</span> <span class='ocrx_word' id='word_1_196' title='bbox 908 1858 1058 1898; x_wconf 90' lang='lat' dir='ltr'>Deinde</span> <span class='ocrx_word' id='word_1_197' title='bbox 1091 1856 1285 1907; x_wconf 63' lang='lat' dir='ltr'>profectus</span> <span class='ocrx_word' id='word_1_198' title='bbox 1326 1855 1364 1894; x_wconf 91' lang='lat' dir='ltr'>in</span> <span class='ocrx_word' id='word_1_199' title='bbox 1388 1841 1525 1902; x_wconf 41' lang='lat' dir='ltr'>Sardis¹</span> 
     </span>
     <span class='ocr_line' id='line_1_28' title="bbox 236 1917 1521 1980; baseline -0.014 -7"><span class='ocrx_word' id='word_1_200' title='bbox 236 1926 522 1977; x_wconf 63' lang='lat' dir='ltr'>niamlssenas,</span> <span class='ocrx_word' id='word_1_201' title='bbox 555 1932 696 1980; x_wconf 87' lang='lat' dir='ltr'>(quarn</span> <span class='ocrx_word' id='word_1_202' title='bbox 722 1922 885 1962; x_wconf 88' lang='lat' dir='ltr'>insulam</span> <span class='ocrx_word' id='word_1_203' title='bbox 907 1921 1023 1973; x_wconf 88' lang='lat' dir='ltr'>paulo</span> <span class='ocrx_word' id='word_1_204' title='bbox 1059 1930 1148 1959; x_wconf 86' lang='lat' dir='ltr'>ante</span> <span class='ocrx_word' id='word_1_205' title='bbox 1177 1918 1328 1959; x_wconf 83' lang='lat' dir='ltr'>Caesaris</span> <span class='ocrx_word' id='word_1_206' title='bbox 1364 1917 1521 1957; x_wconf 86' lang='lat' dir='ltr'>libertus</span> 
     </span>
     <span class='ocr_line' id='line_1_29' title="bbox 223 1973 1525 2049; baseline -0.013 -12"><span class='ocrx_word' id='word_1_207' title='bbox 223 1997 415 2049; x_wconf 24' lang='lat' dir='ltr'>*Helenus</span> <span class='ocrx_word' id='word_1_208' title='bbox 440 2002 601 2045; x_wconf 89' lang='lat' dir='ltr'>patrono</span> <span class='ocrx_word' id='word_1_209' title='bbox 628 1980 942 2039; x_wconf 83' lang='lat' dir='ltr'>recuperaverat)</span> <span class='ocrx_word' id='word_1_210' title='bbox 968 1985 1066 2026; x_wconf 47' lang='lat' dir='ltr'>a2M.</span> <span class='ocrx_word' id='word_1_211' title='bbox 1093 1984 1203 2028; x_wconf 86' lang='lat' dir='ltr'>Lurio</span> <span class='ocrx_word' id='word_1_212' title='bbox 1228 1982 1376 2034; x_wconf 86' lang='lat' dir='ltr'>pulsus,</span> <span class='ocrx_word' id='word_1_213' title='bbox 1406 1973 1525 2021; x_wconf 70' lang='lat' dir='ltr'>victo-⁷</span> 
     </span>
     <span class='ocr_line' id='line_1_30' title="bbox 239 2044 1523 2103; baseline -0.015 -2"><span class='ocrx_word' id='word_1_214' title='bbox 239 2074 321 2101; x_wconf 81' lang='lat' dir='ltr'>rem</span> <span class='ocrx_word' id='word_1_215' title='bbox 349 2057 536 2097; x_wconf 84' lang='lat' dir='ltr'>incautius</span> <span class='ocrx_word' id='word_1_216' title='bbox 578 2054 824 2103; x_wconf 86' lang='lat' dir='ltr'>sequentem,</span> <span class='ocrx_word' id='word_1_217' title='bbox 858 2049 982 2090; x_wconf 89' lang='lat' dir='ltr'>subito</span> <span class='ocrx_word' id='word_1_218' title='bbox 1017 2046 1168 2087; x_wconf 83' lang='lat' dir='ltr'>incursu</span> <span class='ocrx_word' id='word_1_219' title='bbox 1200 2046 1277 2096; x_wconf 85' lang='lat' dir='ltr'>egit</span> <span class='ocrx_word' id='word_1_220' title='bbox 1302 2046 1344 2083; x_wconf 86' lang='lat' dir='ltr'>in</span> <span class='ocrx_word' id='word_1_221' title='bbox 1379 2044 1523 2095; x_wconf 83' lang='lat' dir='ltr'>fugam.</span> 
     </span>
     <span class='ocr_line' id='line_1_31' title="bbox 240 2107 1526 2173; baseline -0.013 -11"><span class='ocrx_word' id='word_1_222' title='bbox 240 2126 365 2173; x_wconf 81' lang='lat' dir='ltr'>Atque</span> <span class='ocrx_word' id='word_1_223' title='bbox 403 2119 470 2157; x_wconf 84' lang='lat' dir='ltr'>illo</span> <span class='ocrx_word' id='word_1_224' title='bbox 509 2117 748 2166; x_wconf 79' lang='lat' dir='ltr'>relinquente</span> <span class='ocrx_word' id='word_1_225' title='bbox 790 2127 880 2152; x_wconf 84' lang='lat' dir='ltr'>mox</span> <span class='ocrx_word' id='word_1_226' title='bbox 924 2112 1108 2159; x_wconf 87' lang='lat' dir='ltr'>insulam,</span> <span class='ocrx_word' id='word_1_227' title='bbox 1145 2115 1268 2150; x_wconf 81' lang='lat' dir='ltr'>cetera</span> <span class='ocrx_word' id='word_1_228' title='bbox 1307 2107 1526 2157; x_wconf 84' lang='lat' dir='ltr'>deditione,</span> 
     </span>
     <span class='ocr_line' id='line_1_32' title="bbox 239 2169 1521 2230; baseline -0.015 -5"><span class='ocrx_word' id='word_1_229' title='bbox 239 2186 305 2225; x_wconf 88' lang='lat' dir='ltr'>sed</span> <span class='ocrx_word' id='word_1_230' title='bbox 332 2181 493 2226; x_wconf 77' lang='lat' dir='ltr'>Aradin,</span> <span class='ocrx_word' id='word_1_231' title='bbox 522 2192 598 2230; x_wconf 93' lang='lat' dir='ltr'>quo</span> <span class='ocrx_word' id='word_1_232' title='bbox 629 2176 853 2228; x_wconf 79' lang='lat' dir='ltr'>perplurimi</span> <span class='ocrx_word' id='word_1_233' title='bbox 881 2188 925 2214; x_wconf 82' lang='lat' dir='ltr'>ex</span> <span class='ocrx_word' id='word_1_234' title='bbox 949 2187 1075 2225; x_wconf 82' lang='lat' dir='ltr'>pugna</span> <span class='ocrx_word' id='word_1_235' title='bbox 1109 2171 1370 2223; x_wconf 79' lang='lat' dir='ltr'>perfugerant,</span> <span class='ocrx_word' id='word_1_236' title='bbox 1395 2169 1521 2219; x_wconf 86' lang='lat' dir='ltr'>operi-</span> 
     </span>
     <span class='ocr_line' id='line_1_33' title="bbox 239 2235 1521 2295; baseline -0.015 -8"><span class='ocrx_word' id='word_1_237' title='bbox 239 2247 311 2287; x_wconf 87' lang='lat' dir='ltr'>bus</span> <span class='ocrx_word' id='word_1_238' title='bbox 340 2245 453 2295; x_wconf 86' lang='lat' dir='ltr'>cepit.</span> <span class='ocrx_word' id='word_1_239' title='bbox 480 2243 583 2282; x_wconf 82' lang='lat' dir='ltr'>Inter</span> <span class='ocrx_word' id='word_1_240' title='bbox 613 2240 785 2291; x_wconf 76' lang='lat' dir='ltr'>captivos</span> <span class='ocrx_word' id='word_1_241' title='bbox 816 2241 851 2278; x_wconf 71' lang='lat' dir='ltr'>St</span> <span class='ocrx_word' id='word_1_242' title='bbox 877 2237 1048 2277; x_wconf 81' lang='lat' dir='ltr'>Helenus</span> <span class='ocrx_word' id='word_1_243' title='bbox 1072 2236 1167 2275; x_wconf 87' lang='lat' dir='ltr'>fuit:</span> <span class='ocrx_word' id='word_1_244' title='bbox 1192 2247 1304 2284; x_wconf 90' lang='lat' dir='ltr'>quem</span> <span class='ocrx_word' id='word_1_245' title='bbox 1334 2245 1422 2270; x_wconf 88' lang='lat' dir='ltr'>cum</span> <span class='ocrx_word' id='word_1_246' title='bbox 1450 2235 1521 2287; x_wconf 51' lang='lat'>9³⁴.</span> 
     </span>
     <span class='ocr_line' id='line_1_34' title="bbox 238 2291 1519 2355; baseline -0.012 -10"><span class='ocrx_word' id='word_1_247' title='bbox 238 2315 352 2346; x_wconf 88' lang='lat' dir='ltr'>trono</span> <span class='ocrx_word' id='word_1_248' title='bbox 375 2303 486 2343; x_wconf 87' lang='lat' dir='ltr'>sciret</span> <span class='ocrx_word' id='word_1_249' title='bbox 506 2301 653 2354; x_wconf 85' lang='lat' dir='ltr'>oppido</span> <span class='ocrx_word' id='word_1_250' title='bbox 679 2311 829 2347; x_wconf 79' lang='lat' dir='ltr'>carum,</span> <span class='ocrx_word' id='word_1_251' title='bbox 855 2297 930 2336; x_wconf 86' lang='lat' dir='ltr'>fine</span> <span class='ocrx_word' id='word_1_252' title='bbox 957 2297 1078 2348; x_wconf 87' lang='lat' dir='ltr'>pretio</span> <span class='ocrx_word' id='word_1_253' title='bbox 1107 2293 1244 2353; x_wconf 80' lang='lat' dir='ltr'>dimisit</span> <span class='ocrx_word' id='word_1_254' title='bbox 1269 2291 1418 2340; x_wconf 81' lang='lat' dir='ltr'>Menas,</span> <span class='ocrx_word' id='word_1_255' title='bbox 1439 2292 1519 2355; x_wconf 73' lang='lat' dir='ltr'>jam</span> 
     </span>
    </p>
   </div>
   <div class='ocr_carea' id='block_1_3' title="bbox 248 2428 1512 2540">
    <p class='ocr_par' dir='ltr' id='par_1_3' title="bbox 248 2428 1512 2540">
     <span class='ocr_line' id='line_1_35' title="bbox 287 2428 1512 2488; baseline -0.01 -12"><span class='ocrx_word' id='word_1_256' title='bbox 287 2444 310 2488; x_wconf 83' lang='lat'>§</span> <span class='ocrx_word' id='word_1_257' title='bbox 334 2442 443 2476; x_wconf 86' lang='lat' dir='ltr'>XXV.</span> <span class='ocrx_word' id='word_1_258' title='bbox 461 2441 605 2485; x_wconf 82' lang='lat' dir='ltr'>Appian.</span> <span class='ocrx_word' id='word_1_259' title='bbox 641 2440 722 2473; x_wconf 74' lang='lat' dir='ltr'>Dio.</span> <span class='ocrx_word' id='word_1_260' title='bbox 751 2439 880 2470; x_wconf 87' lang='lat' dir='ltr'>Chron.</span> <span class='ocrx_word' id='word_1_261' title='bbox 911 2436 1007 2468; x_wconf 77' lang='lat' dir='ltr'>Alex.</span> <span class='ocrx_word' id='word_1_262' title='bbox 1032 2433 1157 2478; x_wconf 81' lang='lat' dir='ltr'>Vellej.</span> <span class='ocrx_word' id='word_1_263' title='bbox 1181 2443 1200 2467; x_wconf 88' lang='lat'>2</span> <span class='ocrx_word' id='word_1_264' title='bbox 1216 2459 1226 2475; x_wconf 90' lang='lat'>‚</span> <span class='ocrx_word' id='word_1_265' title='bbox 1244 2431 1299 2473; x_wconf 80' lang='lat'>76.</span> <span class='ocrx_word' id='word_1_266' title='bbox 1327 2429 1399 2464; x_wconf 74' lang='lat' dir='ltr'>Cle.</span> <span class='ocrx_word' id='word_1_267' title='bbox 1423 2428 1512 2464; x_wconf 63' lang='lat' dir='ltr'>Phile</span> 
     </span>
     <span class='ocr_line' id='line_1_36' title="bbox 248 2492 1018 2540; baseline -0.01 -10"><span class='ocrx_word' id='word_1_268' title='bbox 248 2508 292 2538; x_wconf 85' lang='lat'>2,</span> <span class='ocrx_word' id='word_1_269' title='bbox 316 2507 369 2540; x_wconf 81' lang='lat'>43.</span> <span class='ocrx_word' id='word_1_270' title='bbox 398 2505 432 2538; x_wconf 85' lang='lat'>¹3</span> <span class='ocrx_word' id='word_1_271' title='bbox 451 2521 461 2536; x_wconf 85' lang='lat'>‚</span> <span class='ocrx_word' id='word_1_272' title='bbox 488 2504 540 2537; x_wconf 86' lang='lat'>¹9·</span> <span class='ocrx_word' id='word_1_273' title='bbox 572 2493 662 2526; x_wconf 84' lang='lat' dir='ltr'>Plut:</span> <span class='ocrx_word' id='word_1_274' title='bbox 686 2492 719 2524; x_wconf 84' lang='lat' dir='ltr'>in</span> <span class='ocrx_word' id='word_1_275' title='bbox 742 2492 874 2525; x_wconf 81' lang='lat' dir='ltr'>Anton.</span> <span class='ocrx_word' id='word_1_276' title='bbox 901 2499 932 2523; x_wconf 88' lang='lat' dir='ltr'>c.</span> <span class='ocrx_word' id='word_1_277' title='bbox 962 2499 1018 2533; x_wconf 81' lang='lat'>43.</span> 
     </span>
    </p>
   </div>
   <div class='ocr_carea' id='block_1_4' title="bbox 1624 0 1679 3042">
    <p class='ocr_par' dir='ltr' id='par_1_4' title="bbox 1624 0 1679 3042">
     <span class='ocr_line' id='line_1_37' title="bbox 1624 0 1679 3042; baseline 0 0"><span class='ocrx_word' id='word_1_278' title='bbox 1624 0 1679 3042; x_wconf 95' lang='lat' dir='ltr'> </span> 
     </span>
    </p>
   </div>
  </div>
 </body>
</html>
