1685 3042
273 209 369 249 290
442 190 535 239 JO.
568 187 1068 237 FREINSHEMII
1107 184 1464 241 SUPPLEM.

272 299 448 353 lapidum
465 297 635 345 imbres,
657 297 756 338 aedes
780 296 889 336 sacrae
909 296 1110 345 statuaeque
1131 295 1179 333 de
1201 293 1302 333 coelo
1327 295 1434 334 taetae
1457 291 1559 332 mul.

272 369 355 401 tum
384 362 533 400 timoris
562 357 818 407 incufferant3
845 358 908 398 sed
937 358 1001 398 ille
1030 361 1068 399 in
1099 356 1329 396 immensum
1358 355 1478 395 crevit
1511 367 1560 396 ex

273 437 350 472 eo,
375 425 478 475 quod
504 424 602 463 inter
631 423 870 474 procuranda
894 421 976 461 haec
1000 421 1175 472 prodigia
1197 421 1335 459 evenit.

286 534 287 537 Ἴ
328 487 478 529 XXIV.
509 488 666 538 Quippe
693 485 840 527 Tuscus
868 483 1081 534 haruspex,
1103 484 1213 521 aelam
1239 481 1301 534 effe
1321 483 1363 519 de
1388 480 1559 527 libertate,

274 549 312 590 ἃ
336 552 483 603 antiqua
510 551 615 587 redire
640 562 769 600 regna,
790 547 895 599 seque
924 557 1065 596 excepto
1092 558 1185 592 uno,
1218 555 1345 582 ceteros
1362 541 1558 594 servituros

273 625 390 663 omnes
406 640 417 659 ‚
436 610 684 655 vaticinat-us,
712 604 931 656 compreffit
961 604 1132 654 spiritum
1149 634 1161 651 ‚
1185 603 1413 652 vivendique
1439 600 1559 640 finem

273 670 342 711 fibi
377 670 512 721 posuit.
544 672 592 710 At
622 667 808 714 Tresviri,
843 665 1034 704 tollendos
1066 674 1155 704 ante
1190 665 1320 703 omnia
1349 662 1561 714 praecipuos

270 733 522 778 inimicorum
547 732 639 778 rati,
660 743 708 768 ne
728 728 890 768 consiliis
914 727 989 766 suis
1014 727 1294 777 impedimento
1310 726 1457 773 forent,
1476 736 1575 774 per-¹

272 796 486 849 cufforibus
509 796 549 833 in
575 793 708 833 urbem
735 790 952 844 praemfflis,
976 792 1157 840 occupari
1185 789 1306 828 statim
1336 787 1558 835 duodecim,

273 858 339 897 vel
363 867 403 897 ut
424 857 487 897 alii
514 856 692 903 tradunt,
715 853 989 906 septemdecim
1017 853 1273 903 imperarunt,
1292 852 1327 891 ὃ(
1353 850 1393 889 in
1416 849 1475 887 his
1500 849 1559 889 M.

278 919 517 959 Ciceronem.
565 918 716 957 Horum
749 924 911 966 quatuor
947 914 1069 953 statim
1101 914 1140 952 in
1170 912 1351 964 publico,
1376 920 1441 950 aut
1461 911 1561 948 inter

275 981 452 1019 convivia
478 1009 490 1026 ‚
518 978 654 1028 reperti
695 977 908 1026 occisique,
933 976 1047 1015 ceteri
1082 988 1147 1025 per
1181 974 1281 1013 sacra
1320 985 1364 1012 ac
1400 973 1562 1023 profana

274 1042 406 1082 omnia
430 1039 760 1081 tumultuosissime
784 1039 949 1088 quaesiti,
974 1048 1122 1077 tantum
1150 1037 1363 1076 excitarunt
1398 1033 1564 1084 pavoris,

275 1097 322 1144 ut
351 1114 431 1144 tota
472 1105 586 1143 noete
619 1115 705 1141 cum
743 1101 887 1146 eiulatu
927 1113 970 1140 ac
1006 1100 1196 1150 clamore,
1230 1097 1563 1151 quemadmodum

277 1172 402 1218 captis
428 1168 587 1208 urbibus
618 1165 738 1211 solet,
763 1163 1037 1203 discursaretur.

355 1229 482 1269 XXV.
524 1228 567 1268 Et
604 1229 691 1278 quia
728 1227 883 1266 nomina
914 1225 1213 1276 proscriptorum
1245 1222 1423 1263 nondum
1455 1228 1564 1262 erant

271 1291 432 1345 publice
458 1289 672 1341 proposita,
701 1289 736 1328 se
762 1288 918 1339 quisque
943 1289 1021 1339 peti
1051 1299 1177 1334 ratus,
1203 1288 1242 1324 in
1276 1299 1359 1325 eam
1389 1284 1564 1334 despera-

274 1356 422 1394 tionem
444 1362 646 1400 venerant,
673 1360 715 1391 ut
742 1351 803 1390 alii
834 1351 916 1390 suas
933 1382 944 1399 ,
969 1349 1031 1390 alii
1059 1349 1231 1400 publicas
1257 1345 1561 1388 aedesinoensuri

274 1416 420 1463 essent,
445 1429 491 1454 ne
516 1414 624 1453 inulti
651 1423 912 1461 morerentur3
935 1413 1000 1454 nisl
1023 1414 1071 1463 Q.
1099 1412 1232 1452 Pedius
1257 1408 1390 1448 consul
1413 1407 1562 1447 summa

275 1478 477 1530 diligentia
489 1508 500 1524 ,
517 1478 588 1516 hac
603 1476 691 1515 illac
705 1476 869 1515 volitans
882 1506 893 1524 ‚
907 1479 989 1514 bene
1011 1479 1141 1529 (parare
1154 1472 1307 1523 jusisset,
1325 1475 1359 1511 ξε
1373 1472 1562 1524 εκ]ῤεῖ.ινε

273 1542 391 1586 diem,
425 1553 540 1577 v-znos
581 1550 777 1590 apertur.1m
812 1539 960 1577 timores.
997 1537 1144 1576 Deinde
1184 1534 1467 1584 quamprimum
1495 1532 1561 1571 lux

270 1603 478 1653 apparuit,
514 1602 674 1640 nomina
713 1599 991 1649 septemdecim
1031 1598 1184 1637 illorum
1227 1598 1371 1645 edidit,
1409 1601 1561 1636 auaoaees

272 1665 439 1707 malorum
469 1665 622 1701 omniurn
665 1661 860 1710 incusans,
890 1663 925 1701 &
961 1661 1153 1700 securitati
1197 1660 1333 1700 ceteris
1373 1658 1560 1711 promissae

271 1727 390 1770 fidem
415 1725 612 1776 publicam
631 1726 892 1776 interponens.
923 1724 1092 1763 necdum
1118 1724 1246 1770 enim,
1274 1723 1366 1773 quid
1393 1722 1441 1762 de
1467 1735 1560 1774 pto-

273 1789 481 1838 scriptione
503 1788 664 1827 Tresviri
696 1787 997 1834 constituissent,
1029 1795 1273 1837 cognoverat.
1393 1793 1395 1796 ’

328 1850 476 1892 XXVI.
493 1850 567 1890 Sed
591 1849 657 1889 ille
682 1850 837 1899 quidem
859 1850 1040 1899 proxima
1056 1850 1188 1893 nocte,
1205 1860 1271 1898 per
1292 1846 1448 1885 nimiam
1467 1856 1560 1885 con-

271 1914 484 1958 tentionem
513 1913 631 1961 ruptis
658 1912 861 1959 vitalibus,
891 1912 1043 1950 interiit.
1071 1909 1232 1949 Tresviri
1267 1908 1380 1959 paulo
1405 1908 1558 1960 postin-

273 1974 381 2025 greffi
416 1973 500 2014 sunt
532 1974 687 2022 triduo,
715 1986 803 2012 cum
847 1973 1070 2012 cohortibus
1117 1973 1298 2022 praetoriis
1332 1973 1366 2010 δι
1406 1969 1557 2020 lingulis

269 2033 503 2084 legionibus.
525 2034 651 2073 Primo
668 2034 730 2073 die
747 2034 866 2078 Caesar
881 2066 891 2081 ,
914 2035 1083 2085 sequenti
1102 2034 1267 2086 Lepidus
1282 2065 1293 2080 ,
1308 2034 1422 2072 tertio
1439 2035 1556 2072 Anto-

270 2098 359 2138 nius
379 2097 580 2135 intrarunt.
608 2096 808 2146 statimque
832 2097 977 2145 patuit,
999 2096 1112 2135 funus
1129 2096 1299 2145 apparari
1318 2093 1555 2144 reipublicae.

269 2159 448 2208 Namque
470 2156 655 2207 dispositis
677 2170 743 2207 per
763 2158 863 2196 urbis
888 2168 1102 2208 opportuna
1129 2156 1376 2203 stationibus,
1401 2157 1557 2195 concio.

268 2235 359 2267 nem
381 2220 517 2272 populi
541 2221 575 2260 P.
602 2221 727 2260 Titius
751 2220 926 2260 tribunus
949 2220 1070 2270 plebis
1096 2220 1324 2265 advocavit,
1353 2217 1552 2268 legemque

269 2284 380 2326 simul
419 2283 677 2335 promulgavit
715 2295 828 2334 atque
858 2283 1037 2335 pertulit:
1074 2283 1286 2334 Reipublicae
1314 2283 1552 2333 consttwendae

271 2348 448 2401 Tresviros
466 2349 500 2384 in
517 2349 784 2399 quinquennium
808 2347 914 2387 creari
936 2361 1012 2386 cum
1030 2348 1192 2399 potestate
1216 2345 1387 2396 consulari
1406 2361 1416 2383 .·
1440 2344 1545 2396 (hoc

264 2411 382 2450 verbo
403 2410 627 2457 utebantur,
645 2423 732 2450 cum
753 2409 836 2462 plus
857 2423 972 2461 quam
991 2409 1132 2459 regiam
1153 2407 1390 2458 rapuissent)
1404 2423 1461 2447 eos
1477 2407 1539 2460 effi

305 2517 330 2562 5
354 2515 480 2552 XXIII.
507 2515 588 2552 Dio.
617 2516 762 2561 Appiam.
789 2515 812 2562 5
835 2514 961 2550 XXIV.
987 2511 1089 2549 Otos.
1117 2514 1158 2556 6,
1188 2513 1242 2547 18.
1265 2513 1410 2558 Appiam.
