1685 3042
230 217 311 266 IN
360 215 527 263 LOC.
574 210 711 259 LIB.
762 212 963 258 CXXVI
1018 212 1155 258 LIV.
1234 224 1321 273 323

43 326 248 375 cipaverat.
296 320 516 361 Accedebat
549 320 584 359 δι
612 317 772 357 suavitas
805 316 1021 356 sermonum
1054 319 1090 356 δε
1127 317 1290 355 eruditio
1310 346 1323 364 ,

42 386 329 434 multarumque
356 384 526 433 cognitio
560 381 805 430 linguarum.-
837 378 925 416 raris
958 380 1060 417 enim
1088 377 1237 428 populis
1263 391 1325 417 re·

41 447 177 497 sponsa
206 459 272 497 per
305 446 527 494 interpretes
560 441 676 481 dabat
702 455 711 481 ε
743 453 831 480 cum
867 439 1134 490 AEthiopibus,
1161 439 1324 489 Troglo-

42 509 168 560 dytis,
195 507 365 548 Hebraeis
381 537 392 554 ,
426 503 637 551 Arabibus‚
665 503 767 554 Syris
784 532 797 550 ,
817 502 946 541 Medis
962 531 973 548 ,
1001 501 1110 540 Perfis
1126 531 1136 548 ,
1167 501 1323 554 aliisque

42 571 175 610 multis
196 569 389 621 gentibus,
405 567 482 617 ipsa
501 567 607 616 loqui
629 574 807 616 poterat·,
832 576 919 602 cum
949 570 1036 601 ante
1069 562 1190 612 ipsam
1216 574 1325 612 reges

43 631 264 681 AEgyptiam
293 642 446 680 quoque
475 627 647 678 linguam
673 625 817 665 discere
831 637 911 664 non
926 622 1200 669 sustinuissent,
1222 636 1324 662 non·
1370 663 1373 665 ,

42 692 139 731 nulli
167 705 212 731 ne
228 691 525 732 Macedonicam
552 690 706 740 quidem
732 686 924 727 callerent.
951 688 1020 728 His
1045 687 1190 726 artibus
1219 685 1328 725 brevi

44 755 95 793 fic
120 755 158 793 in
184 754 367 805 potestate
395 754 608 794 Antonium
639 750 801 797 habuit,
830 759 873 790 ut
903 762 983 789 non
1016 748 1076 788 his
1106 749 1223 788 modo
1251 746 1327 785 illi-

43 819 138 865 ciis,
161 817 225 857 fed
254 819 370 857 etiam
393 817 586 856 veneficiis
608 825 743 866 captus
771 814 1012 864 domitusque
1038 814 1270 852 crederetur.

99 881 172 933 XI.
204 880 311 921 Nihil
336 881 439 919 enim
464 888 542 918 tam
567 887 632 917 aut
652 877 787 928 largitu
812 875 1126 916 detrimentosum
1143 905 1154 923 ,
1179 882 1244 914 aut
1261 873 1329 912 fa-

43 943 110 980 ctu
140 950 249 991 turpe
278 950 384 989 erat,
420 941 524 991 quod
553 939 618 979 illa
648 946 782 988 petens
819 950 898 977 non
933 939 1176 986 impetrarets
1208 934 1325 975 Paulo

44 1012 137 1042 ante
164 1003 320 1042 fratrem
347 1004 546 1052 vaeirumque
571 1001 706 1049 suum,
734 1001 855 1040 aetatis
881 1011 948 1041 xv
977 1013 1120 1039 annum
1148 1005 1327 1050 agentem

44 1077 194 1103 veneno
214 1066 421 1105 sustulerat.
448 1066 561 1105 Soror
584 1064 736 1104 Arfinoe
759 1063 944 1114 religione
966 1064 1085 1102 vitam
1108 1061 1329 1108 tutabatur,

45 1127 179 1168 Dianae
211 1128 311 1168 fac'ta
339 1127 525 1178 supplex,
553 1127 627 1166 sive
653 1126 810 1176 Ephesia
834 1125 922 1172 illa,
949 1124 1021 1163 five
1045 1123 1326 1174 Leucophryne

48 1190 284 1230 Miles-iorum
311 1189 394 1231 fuit.
438 1192 549 1231 Hanc
578 1190 693 1240 igitur
721 1189 819 1238 jussu
841 1187 1074 1238 Cleopatrae,
1102 1185 1328 1238 percufforiss

43 1253 119 1292 bus
151 1253 349 1307 immistis,
376 1253 563 1293 Antonius
587 1251 745 1291 sustulit.
786 1252 870 1291 Nec
901 1250 974 1289 alia
995 1249 1080 1288 loca
1098 1280 1108 1296 ,
1130 1261 1212 1299 quae
1239 1255 1327 1286 tum

46 1314 275 1355 sanetiflima
302 1314 564 1362 habebantur,
587 1314 791 1361 reveritus,
814 1313 952 1363 Tyrios
971 1325 992 1350 e
1013 1310 1160 1360 templo
1183 1310 1328 1349 Hercu-

46 1376 94 1416 lis
123 1379 333 1417 extrac‘tum
361 1378 605 1425 Serapionem
643 1375 856 1424 Cleopatrae
887 1374 1014 1424 coegit
1041 1372 1212 1417 tradere,
1238 1382 1329 1408 con-

45 1448 104 1477 tra
131 1441 240 1488 cujus
259 1438 497 1478 voluntatem
521 1437 586 1477 ille
616 1437 736 1476 Cassio
767 1435 952 1476 auxilium
980 1435 1215 1475 adduxerat:
1239 1434 1329 1472 Ara.

46 1499 132 1538 dios
175 1499 459 1539 adolescentem
493 1499 712 1549 quendam,
736 1500 796 1550 qui
822 1499 862 1551 se
894 1498 1114 1536 Prolemaeum
1136 1494 1199 1546 effi:
1227 1493 1328 1532 fere-

44 1560 135 1609 bat,
159 1562 318 1610 majorem
349 1562 536 1613 Cleopatrae
548 1561 716 1613 fratrem,
742 1561 801 1612 qui
823 1560 933 1597 vibras
954 1575 976 1598 a
999 1556 1136 1609 Caefizre'
1148 1558 1327 1609 dlfimrue-

43 1633 110 1660 rat.
138 1623 212 1661 Sed
239 1624 273 1661 ἃ
295 1622 553 1672 Megabyzum
580 1621 748 1671 Ephesiae
777 1621 907 1660 Dianae
927 1621 977 1659 ad
1001 1618 1234 1669 supplicium
1259 1616 1326 1654 de-

44 1682 228 1733 poscebat
241 1712 253 1731 ,
267 1687 358 1735 quod
373 1686 537 1734 Arfinoen
550 1704 572 1731 ‚·
586 1696 752 1734 tanquam
767 1683 918 1734 reginam
930 1712 941 1727 ,
963 1681 1112 1734 hospitio
1129 1677 1327 1730 excepzffit:

45 1747 112 1786 sed
130 1746 299 1797 Ephefii,
322 1746 532 1797 Cleopatrae
555 1747 833 1797 supplicantes,
857 1745 904 1784 ab
930 1744 1008 1795 ipsa
1028 1742 1185 1783 salutem
1207 1741 1327 1780 sacer-

47 1809 128 1848 doti
159 1808 225 1847 suo
251 1808 512 1859 impetrarunt.
1187 1804 1189 1808 ’

102 1870 192 1911 ΧΠ.
228 1870 331 1910 Inter
356 1870 436 1910 haec
461 1872 686 1909 continuato
714 1882 782 1920 per
807 1868 950 1910 cavam
974 1867 1145 1917 Syriam,
1169 1863 1329 1905 Palaesti„

47 1945 166 1979 narn,
195 1932 377 1980 Ituraeos‚
405 1932 573 1982 aliosque
604 1933 785 1983 Syrorum
815 1929 979 1980 populos
1009 1928 1167 1974 itinere,
1198 1933 1328 1976 tyran·

50 2007 122 2033 nos
154 1994 287 2045 paffim
318 2007 338 2033 e
368 1994 584 2033 civitatibus
618 1992 786 2032 sustulit:
820 1992 1036 2031 libertatem
1071 2002 1161 2029 cum
1191 1989 1332 2027 immu-

50 2057 173 2094 nitate
202 2055 338 2096 tribuit
365 2056 624 2095 Laodicenisr
658 2054 850 2104 variasque
878 2053 1076 2092 civitatum
1111 2052 1148 2091 ἅ
1174 2047 1334 2100 regulo-

51 2129 138 2155 rum
162 2116 246 2156 lites
269 2116 496 2167 composuit.
522 2117 636 2157 Unde
655 2116 796 2164 Judaeis
820 2115 935 2154 etiam
960 2113 1218 2165 principibus,
1240 2109 1334 2151 Pha-

40 2178 159 2217 ‘i‘uelis
184 2180 219 2218 Sc
243 2179 410 2219 Herodis
438 2178 610 2228 aemulis,
638 2179 738 2218 faeta
762 2177 871 2229 spes,
897 2177 1060 2216 subverti
1090 2177 1223 2215 fratres
1245 2172 1334 2212 illos

50 2242 180 2293 polle:
207 2256 439 2294 quamquam
468 2256 590 2294 nuper
618 2243 750 2282 frustra
770 2255 836 2281 eos
857 2241 1112 2289 accusassent,
1140 2253 1215 2290 quo
1239 2248 1335 2277 tem-

53 2317 149 2354 pore
182 2306 338 2345 veniens
366 2318 426 2345 exv
448 2305 595 2355 Europa
629 2305 847 2352 Antonius,
880 2304 1046 2344 Herodis
1078 2297 1266 2351 obseouiis
1297 2300 1335 2338 δε

52 2367 217 2416 pecunia
243 2367 292 2407 fic
315 2367 503 2408 delinitus
531 2366 608 2415 est,
633 2376 698 2415 ut,
722 2378 794 2406 nee
816 2365 956 2405 auditis
977 2362 1230 2410 delatoribus,
1254 2356 1349 2400 bem>

70 2520 74 2524 ,
101 2476 123 2541 ’,ἦ
148 2478 189 2512 X·
213 2477 302 2512 plut.
328 2474 462 2522 loseph.
488 2478 593 2522 antiq.
623 2476 696 2510 Jud.
726 2486 787 2519 ις,
810 2487 844 2518 4.
877 2475 899 2520 S
926 2475 984 2509 XI.
1001 2475 1079 2510 Dio.
1107 2472 1249 2518 Αρρὶῃῃ,
1271 2469 1335 2506 1ος

1008 2576 1051 2620 X
1100 2592 1119 2634 ζ
