1685 3042
321 228 407 276 126
475 226 567 273 JO.
605 225 1106 272 FREINSHEMII
1148 222 1501 272 SUPPLEM.

320 336 410 375 dam
435 334 523 374 &in
546 333 719 373 senatum
743 333 954 383 recipiens:
979 345 1137 382 quarum
1155 345 1278 371 rerum
1298 333 1470 373 omnium
1497 331 1595 371 invi-

322 398 384 437 dia
407 410 523 448 penes
545 397 795 445 defunctum,
834 397 954 447 gratia
977 408 1094 446 penes
1119 396 1327 435 Antonium
1350 405 1441 434 erat.

369 467 440 507 IX.
471 467 603 514 Idem,
632 478 674 505 ut
700 466 757 505 Μ.
785 465 977 515 Lepidum
1010 463 1198 503 beneficio
1225 463 1459 511 devinciret,
1488 463 1593 513 regi-

316 541 406 568 men
428 529 618 567 sacrorum
632 559 647 575 ‚
677 528 781 577 quod
811 529 852 566 in
873 526 936 565 illa
957 527 1180 566 confufione
1202 540 1330 566 rerum
1350 526 1430 577 ipse
1455 523 1597 577 potuis-

313 591 370 630 set
392 591 645 642 intercipere,
672 591 726 629 illi
760 591 850 629 dare
876 589 1016 628 statuit.
1055 590 1130 629 Sed
1155 590 1196 628 id
1223 603 1299 640 quo
1326 588 1480 627 facilius
1505 599 1598 625 con—

316 652 557 702 sequeretur,
586 652 670 702 lege
699 651 800 699 lata,
820 651 1063 690 sacerdotum
1090 651 1247 690 comitia
1267 649 1414 701 populo
1441 650 1597 688 ademta

317 714 506 754 transtulit
527 715 576 754 ad
598 714 821 764 pontifices:
855 713 905 752 ita
931 725 970 751 re
993 713 1033 751 in
1065 724 1274 762 paucorum
1309 713 1460 751 redae'ta
1487 719 1599 761 pote-

317 778 473 825 statem,
506 777 545 814 in
579 775 715 814 ceteris
742 787 895 825 quoque
921 773 1152 814 solemnibus
1184 774 1282 812 nihil
1304 774 1426 813 ferme
1455 771 1600 824 pristini

318 840 436 877 moris
460 839 630 885 servans,
669 838 769 887 quali
802 838 934 875 furtim
956 837 1094 886 paratis
1128 835 1316 887 suffragiis
1348 839 1407 875 M.
1432 835 1601 888 Lepidum

314 901 513 952 pontificem
551 901 742 938 maximum
775 899 1018 938 renuntiavit.
1058 899 1160 938 Hinc
1189 910 1289 936 nova
1320 895 1601 948 percussoribus

320 960 556 1001 sollicitudo.
593 961 713 1011 Igitur
742 959 859 998 miffis
898 960 948 999 ad
977 960 1120 1000 amicos
1146 960 1312 1008 nuntiis,
1345 961 1400 998 D.
1423 960 1599 1005 Brutum,

318 1023 384 1072 qui
404 1032 477 1060 tres
497 1022 663 1060 habebat
683 1021 852 1072 legiones
865 1051 875 1070 ,
905 1023 1074 1061 intentum
1091 1022 1174 1076 ff,
1204 1022 1407 1061 Trebonium
1427 1022 1465 1059 in
1484 1020 1598 1071 Asia,

320 1085 489 1124 Cimbrum
516 1085 553 1121 in
577 1085 782 1136 Bithynia,
797 1097 950 1136 quantas
972 1085 1128 1137 poffime,
1149 1086 1319 1138 pecunias
1349 1097 1460 1137 cogere
1489 1081 1604 1132 jube-

321 1143 427 1183 bant.
457 1144 558 1195 ipsos
586 1144 732 1183 consilii
755 1145 920 1183 incertos
951 1142 1105 1184 diversae
1134 1146 1253 1185 causae
1278 1145 1462 1185 tenebant
1486 1157 1495 1183 :
1522 1155 1607 1182 ma·

319 1215 457 1245 nerent
479 1208 519 1245 in
546 1207 672 1245 urbe?
702 1206 828 1244 facere
857 1213 943 1239 cum
967 1199 1136 1250 periculo
1162 1199 1391 1238 viderentur.
1418 1202 1603 1241 exirent?

320 1268 498 1304 nondum
524 1272 677 1312 tempus
705 1261 822 1300 eundi
850 1262 888 1301 in
916 1262 1129 1312 provincias
1164 1270 1342 1309 venerat;
1374 1262 1410 1301 &
1439 1259 1465 1298 si
1496 1258 1603 1311 prius

324 1327 591 1378 egrederentur
606 1355 617 1374 ,
645 1325 744 1374 fugae
770 1324 899 1364 similis
923 1325 1051 1364 futura
1074 1333 1152 1364 erat
1176 1323 1376 1375 profefflo.

382 1398 435 1437 X.
476 1396 594 1445 Igitur
632 1394 803 1437 senatus,
833 1395 991 1434 salutem
1023 1404 1138 1445 atque
1177 1394 1403 1445 dignitatem
1440 1393 1610 1432 virorum

326 1454 534 1504 oequalibus
557 1454 685 1493 studiis
710 1453 931 1493 conservare
952 1469 1115 1506 pronus,
1138 1456 1318 1494 frumenti
1351 1455 1404 1494 eis
1428 1465 1609 1504 procura·

325 1519 475 1555 tionem
499 1514 692 1566 imposuit.
717 1516 760 1554 Et
783 1516 869 1564 quia
900 1525 1037 1566 praetor
1058 1516 1225 1554 urbanus
1252 1516 1389 1556 Brutus
1416 1526 1515 1562 erat,
1539 1516 1611 1554 An-

327 1580 438 1618 tonio
472 1578 683 1625 referente,
715 1577 863 1628 legibus
894 1579 945 1617 est
983 1578 1150 1623 solutus,
1168 1581 1203 1629 fi
1225 1579 1270 1615 ab
1300 1580 1378 1617 urbe
1400 1579 1484 1630 plus
1507 1592 1611 1630 quam

326 1642 440 1677 decem
462 1641 537 1677 dies
557 1638 725 1691 ahfuffet.
756 1640 802 1677 At
822 1638 878 1676 his
903 1651 949 1677 ex
976 1639 1067 1677 urbe
1099 1637 1266 1689 digressis
1283 1668 1292 1685 ‚
1316 1640 1504 1678 Antonius
1528 1651 1611 1676 mo-

328 1700 392 1740 liri
422 1700 540 1740 multa
570 1702 752 1748 instituit,
774 1703 919 1752 Syriam
959 1702 1192 1752 provinciam
1224 1711 1431 1752 appetens,
1453 1700 1612 1739 destina·
1670 1749 1674 1752 ι

329 1774 408 1802 tarn
439 1763 561 1803 Caffio
585 1777 593 1803 :
619 1764 783 1811 deinde,
819 1767 908 1814 quia
943 1764 1007 1803 sibi
1048 1773 1219 1814 paratum
1254 1763 1327 1802 ess'e
1359 1763 1612 1802 adversarium

328 1825 572 1866 Dolabellam
603 1825 814 1872 sentiebat,
837 1839 883 1864 eo
909 1828 1019 1865 vertit
1042 1856 1052 1874 ‚
1075 1837 1116 1865 ut
1152 1826 1242 1864 huic
1267 1824 1509 1876 persuaderet
1527 1836 1613 1864 eam

330 1888 570 1939 provinciam
601 1899 749 1937 petere,
774 1886 881 1925 suum
909 1888 1092 1926 auxilium
1122 1887 1331 1938 pollicitus.

392 1954 466 1994 XI.
484 1955 547 1994 Sic
575 1955 770 2004 rogatione
796 1956 841 1994 ad
872 1955 1021 2004 plebem
1054 1956 1269 2010 lata‚(nec
1294 1955 1397 1994 enim
1419 1953 1613 2004 impetrari

335 2015 386 2056 ab
413 2014 542 2054 senatu
570 2014 780 2068 potuisset)
806 2030 861 2056 res
886 2017 1086 2056 confecia:
1112 2017 1242 2056 frustra
1273 2017 1527 2055 obnuntiante
1552 2017 1616 2054 tri-

337 2076 443 2117 buno
474 2076 596 2127 plebis
626 2076 854 2126 Asprenate,
885 2091 999 2128 quem
1034 2078 1181 2117 senatus
1217 2077 1511 2122 subornaverat,
1539 2076 1618 2126 spe·

336 2151 447 2185 rans,
470 2139 679 2177 Antonium
702 2152 875 2189 quoque,
898 2154 937 2179 ut
962 2153 1168 2191 augurem,
1196 2142 1230 2179 &
1259 2138 1467 2193 Dolxnkqellae
1495 2151 1615 2190 nuper

337 2198 647 2247 infeni'nssimum,
671 2202 868 2240 occalione
888 2202 1017 2241 oblata
1048 2202 1212 2242 usurum.
1243 2202 1318 2242 Sed
1346 2201 1434 2247 ille,
1457 2203 1617 2252 graviter

340 2270 516 2311 correpto
545 2262 769 2312 Asprenate,
785 2266 873 2302 mitti
890 2267 1000 2302 tribus
1023 2265 1059 2302 in
1075 2265 1247 2318 suffag-ia
1271 2264 1384 2312 justit.
1412 2264 1508 2303 Cum
1533 2277 1619 2314 pro-

343 2323 468 2363 vincia
497 2323 640 2363 bellum
661 2338 811 2376 quoque
843 2326 1058 2367 Parthicum
1091 2328 1222 2367 datum
1240 2358 1250 2377 ,
1268 2330 1303 2367 &
1323 2325 1512 2378 legiones,
1536 2338 1619 2377 quae

394 2459 417 2504 ς
438 2460 526 2546 Vllk
547 2459 627 2518 Dio.
643 2459 767 2505 Vellej.
787 2471 802 2494 2
816 2463 871 2504 ,6.
895 2463 916 2508 5
935 2463 994 2498 ῙΧ.
1017 2462 1140 2507 Vellei.
1166 2462 1311 2508 Appian.
1334 2461 1356 2506 §
1378 2461 1421 2496 X.
1444 2460 1517 2496 Cic.
1538 2459 1624 2494 Phil.

344 2523 388 2551 2.
421 2523 469 2556 ¹3·
530 2523 647 2557 ppiam,
