1685 3042
263 177 361 238 '184
426 179 519 226 JO.
557 178 1063 230 FREINSHEMII
1105 182 1465 239 SUPPLEM.'

262 301 310 325 (ιε
321 287 556 340 subvenirent.
582 287 703 328 Etiam
727 289 803 329 duo
823 288 1037 337 senatores,
1059 290 1220 338 Lucejus
1245 293 1280 332 δε
1299 292 1438 341 Pansa,
1464 299 1547 331 tan-

265 359 384 398 quam
426 350 473 388 ad
516 348 715 390 visendum
752 351 906 392 Graeciae
937 352 1076 391 statum
1115 351 1237 401 miffi,
1277 354 1339 404 qui
1371 368 1555 407 properare

264 410 411 450 Brutum
442 411 631 460 juberent.
680 413 711 455 E
745 413 918 454 Sardinia
947 427 1102 464 quoque
1134 423 1302 455 evocatae
1336 417 1480 466 copiae,
1515 416 1555 455 &

263 487 284 510 e
308 473 419 510 tribus
445 473 632 512 Sextilius
661 474 856 525 legionibus
870 503 883 521 ,
907 488 981 525 quae
1002 487 1101 512 erant
1129 476 1167 513 in
1191 476 1351 529 Africa,
1368 491 1474 516 unam
1495 492 1554 517 ac-

264 532 375 586 cipere
396 533 514 585 jussus
539 537 587 585 Q.
618 536 825 587 Cornificius
839 551 857 584 ,-
882 538 973 573 duas
1002 538 1132 576 mittere
1160 539 1198 576 in
1222 540 1392 579 Italiam:
1421 552 1553 590 quam-

262 609 380 648 quam
410 610 460 636 ne
483 597 543 636 his
569 597 727 646 quidem
758 596 844 636 satis
866 597 1115 637 confidebant
1133 629 1146 647 ‚
1166 601 1272 649 quod
1301 602 1338 640 &
1366 599 1454 650 ipsae
1480 599 1551 642 sub

263 658 410 700 Caesare
433 658 677 699 militass‘ent:
705 657 768 697 sed
793 660 923 697 omnia
948 661 1113 709 experiri
1137 662 1302 710 cogebat
1331 661 1543 704 neceffitas·

259 723 457 765 Postremo
482 736 570 763 cum
596 723 714 772 longe
736 721 820 762 haec
843 722 926 773 spes
957 723 1082 763 abeffe
1109 724 1320 772 videretur,
1346 725 1396 765 ad
1429 725 1551 766 Caesa.

260 800 344 830 1em
361 786 551 826 recursum
578 786 655 833 est,
683 784 899 834 neglectum
928 795 1246 835 contemtumque
1273 785 1390 836 paulo
1418 787 1550 836 prius,

265 851 301 889 ἅ
319 851 499 888 coactum
522 849 572 887 ad
593 862 714 896 nova,
735 847 799 888 sed
819 850 1020 899 incognita
1036 848 1163 888 adhuc
1177 848 1369 897 Patribus,
1385 849 1552 891 consilia.

318 910 416 951 LIII.
441 911 680 961 Triumphus
707 913 825 951 etiam
855 924 900 950 ac
928 912 1157 961 stipendium
1183 912 1217 951 ei
1242 913 1487 961 decernitur,
1516 914 1555 954 &

263 968 445 1012 omnibus
475 973 638 1012 decretis
659 983 826 1014 ornatur.
859 973 1012 1014 Idcirco
1036 975 1168 1022 laetus,
1194 975 1294 1015 hanc
1323 975 1389 1014 fibi
1415 976 1464 1014 ad
1485 975 1555 1015 ob-

240 1035 410 1085 'septum
450 1044 562 1075 antea
602 1036 842 1076 consulatum
875 1037 975 1077 viam
1002 1039 1166 1087 aperiri,
1205 1037 1395 1077 fimulavit
1436 1037 1552 1077 obse-

260 1101 394 1150 quium
415 1130 427 1147 ,
451 1099 676 1150 paravitque
700 1100 749 1139 ad
770 1098 917 1139 bellum
949 1101 1092 1139 omnia.
1126 1100 1189 1139 sed
1214 1101 1367 1139 interim
1394 1100 1548 1139 clancu-

258 1161 342 1202 lum
367 1163 522 1202 induxit
554 1162 720 1210 milites,
752 1171 793 1202 ut
818 1165 1012 1211 jurarent,
1040 1177 1161 1203 contra
1188 1164 1322 1202 nullum
1341 1164 1383 1215 fi
1414 1165 1546 1203 exerci-

259 1237 332 1264 tum
350 1256 361 1272 ,
383 1227 442 1277 qui
471 1226 617 1277 Caesccris
633 1225 780 1278 suffit,
818 1240 916 1264 arma
938 1240 1111 1278 capturos.
1139 1227 1227 1267 Hoc
1250 1238 1380 1277 aperte
1403 1227 1552 1277 spesta-

261 1286 328 1327 bat
351 1287 398 1326 ad
414 1288 624 1327 Antonium
650 1288 683 1326 &
702 1287 890 1337 Lepidum
904 1318 915 1335 ,
943 1301 1106 1337 quorum
1124 1289 1243 1339 copiae
1262 1290 1447 1338 majorem
1469 1303 1552 1340 par-

258 1358 337 1389 tem
366 1349 593 1389 constabant
619 1363 639 1388 e
664 1348 884 1388 Caesarianis
909 1348 1137 1400 legionibus.
1176 1351 1356 1390 Praeterea
1393 1352 1547 1401 instiga..

257 1412 326 1452 bat
357 1425 446 1458 θος,
481 1413 534 1449 uti
560 1411 694 1464 legatos
721 1412 840 1450 iterum
872 1414 922 1450 ad
946 1413 1102 1461 senff‘um
1126 1414 1295 1450 mitterent
1314 1443 1326 1458 ,
1361 1415 1461 1465 quast
1484 1415 1542 1451 de-

251 1484 478 1527 precaturos,
512 1487 552 1509 ne
575 1485 694 1510 contra
717 1472 783 1524 fas
814 1476 848 1511 G·
879 1474 1075 1525 religionem
1110 1473 1274 1511 dimicare
1301 1488 1375 1512 cum
1407 1475 1546 1512 civibus

255 1546 481 1585 cogerentur;
515 1547 656 1579 revera,
692 1546 729 1570 ut
752 1534 928 1585 exigerent
952 1536 1103 1572 nondum
1126 1536 1324 1588 persolutas
1347 1537 1519 1587 pecunias
1534 1565 1551 1585 ,

262 1598 458 1648 Caesarique
485 1599 609 1633 darent
629 1596 860 1648 consulatum.

312 1658 408 1701 LIV.
439 1659 522 1699 Nec
545 1657 621 1697 hoc
646 1658 785 1696 timide
819 1657 935 1697 fiebat
961 1657 1152 1708 amplius,
1179 1657 1243 1698 sed
1278 1660 1402 1710 palam
1426 1663 1545 1702 advo·

258 1731 343 1762 cata
370 1721 570 1759 concione.
611 1721 820 1773 Quousque,
843 1720 994 1769 inquit,
1033 1721 1307 1768 commilitones,
1334 1725 1552 1775 adverfizrio.

258 1800 334 1823 rum
377 1784 611 1837 insatiabilem
650 1783 946 1834 importunitatem
978 1782 1186 1835 perftrimus
1208 1786 1230 1822 ?
1272 1784 1364 1824 Haec
1393 1787 1551 1838 scilicet,

256 1861 296 1886 ut
321 1847 473 1898 plurim:
509 1846 610 1882 vobis
638 1858 719 1881 an'e
749 1856 833 1882 nota
862 1857 1080 1894 pnmeaeam,
1103 1844 1244 1895 praemia
1270 1845 1478 1892 meruimus,
1510 1858 1551 1885 ut

254 1910 301 1947 ab
322 1911 378 1947 his
403 1923 566 1946 vexemur
588 1920 692 1958 atque
714 1907 969 1957 opprimamur,
993 1907 1118 1956 quihus
1146 1907 1252 1955 nostro
1276 1906 1451 1958 sunguine
1471 1909 1537 1961 sa-

256 1972 314 2010 lus
335 1983 438 2022 atque
460 1970 629 2022 securitas
647 1982 752 2020 parta
773 1968 828 2019 est.
856 1969 1012 2007 Antonii
1029 1969 1147 2020 praeda
1167 1967 1327 2019 suiffi’nt,
1352 1985 1457 2021 neque
1473 1985 1541 2009 rem

255 2045 318 2070 aut
336 2032 534 2083 publicam,
551 2043 615 2068 aut
618 2032 738 2082 fitam,
759 2031 844 2068 tueri
866 2032 1046 2083 quisquam
1060 2044 1172 2068 eorum
1189 2031 1354 2083 pomiffet
1369 2061 1381 2079 ,
1398 2033 1466 2082 mfi
1483 2047 1546 2085 ego

255 2093 316 2132 ille
326 2108 411 2144 puer
425 2093 511 2146 (sed
524 2093 637 2132 virum
652 2093 828 2144 sentient!
834 2093 850 2133 ὅ
864 2094 931 2143 nisi
939 2107 1018 2145 ego,
1037 2094 1179 2144 inquam
1190 2123 1201 2139 ,
1219 2108 1315 2144 quem
1326 2108 1469 2145 puerum
1486 2110 1548 2147 ap-

251 2155 382 2210 pellare
407 2155 674 2207 consueverunt,
692 2156 792 2193 vobis
811 2155 1030 2207 adjutoribus
1051 2155 1413 2208 caufizmfizscepiffem
1428 2157 1548 2210 publi-

255 2233 330 2256 cam
343 2248 354 2263 ,
381 2219 417 2257 δ’
438 2218 582 2255 nimiam
596 2217 750 2257 Antonii
759 2216 932 2269 ferociam
946 2218 1144 2268 st1utinenfi
1154 2218 1298 2257 victoria
1315 2217 1540 2269 refrenaffim.

310 2279 384 2320 LV.
415 2281 473 2320 At
506 2279 563 2316 illi
583 2278 783 2331 praeclaram
804 2279 940 2330 scilicet
966 2279 1075 2317 vicem
1100 2279 1339 2331 servatoribus
1362 2279 1443 2330 ficis
1468 2282 1546 2317 red-

254 2343 365 2390 dunt,
393 2353 617 2388 contemtum,
651 2341 907 2393 ignominiam,
934 2341 1107 2393 pericula.
1141 2354 1247 2392 neque
1275 2341 1449 2390 desinent,
1477 2341 1546 2392 711st

298 2457 319 2500 §
345 2457 414 2489 Lu.
438 2457 510 2489 Cic.
540 2457 693 2490 familiar
726 2467 787 2496 Π,
820 2467 852 2494 ¹³
880 2455 915 2488 &
943 2466 979 2489 12
993 2481 1006 2498 ,
1028 2465 1080 2490 ιο.
1108 2454 1189 2489 Dio.
1214 2455 1359 2501 Appizn.
1403 2455 1425 2500 5
1451 2455 1541 2492 1..111

255 2493 328 2535 Cic
351 2502 392 2535 ad
409 2502 503 2538 Bxut
528 2511 657 2546 ep.17.
682 2500 936 2546 D10.Appian,
