1685 3042
223 238 320 302 ηε
386 237 478 285 10.
514 237 1044 285 FRE1NSHEM11
1082 239 1448 290 SUPPLEM.

227 344 438 392 adjuvante
453 342 552 384 casu.
582 344 694 384 Forte
717 344 928 395 acciderat,
954 353 1018 393 ut,
1035 345 1162 385 Afinio
1184 344 1226 384 in
1247 344 1377 397 fugam
1402 349 1513 395 actm·

228 418 316 457 pars
346 414 475 445 tamen
496 406 686 446 exercitus
702 407 849 446 strenue
871 415 1126 461 repugnaret,
1155 407 1376 458 ambiguam
1391 408 1512 448 faetu-

227 478 270 505 ra
293 467 490 507 victoriam
504 498 516 516 ‚
537 468 604 507 nifi
625 468 763 508 eodem
786 475 961 518 ternpore
984 471 1020 509 &
1044 467 1385 519 paludamentum,
1406 470 1512 520 quod

230 529 330 568 inter
362 530 588 581 fugiendum
617 529 808 583 abjecerat
835 530 981 579 Pollio,
1011 531 1190 572 vidiffent
1214 532 1314 572 inter
1347 531 1512 571 hostium

234 603 374 633 manus
390 594 456 642 ,ἃ
474 594 670 632 Pollionem
693 592 902 645 interseblum
926 593 1123 632 audissent.
1151 594 1244 644 Ejus
1263 594 1432 634 nominis
1461 607 1517 633 er-

233 665 340 701 rore,
359 653 466 707 (nam
492 652 644 692 illustris
660 665 775 703 eques
791 652 881 692 duci
897 654 1139 703 cognominis
1164 647 1378 704 ceciderat)
1407 653 1516 695 simul

234 714 441 765 conspecta
462 715 595 763 vestis,
622 724 806 765 tanquam
828 715 961 754 amiffo
988 715 1087 755 duce
1115 718 1285 757 exterriti
1309 717 1507 757 cesserunt.a

236 776 296 816 Ab
325 776 402 816 hoc
427 785 602 827 tempore
629 786 766 827 potens
783 776 1005 827 pollensque
1029 777 1261 828 pompejus,
1282 792 1439 818 omnem
1461 778 1518 817 fe.²

231 849 273 877 re
286 836 505 877 ulteriorem
521 837 745 888 Hispaniam
767 838 930 889 recepit,
947 839 1073 882 donec
1088 839 1148 879 M.
1164 840 1345 891 Lepidus,
1366 841 1519 881 citerio-

234 897 265 936 ri
295 898 548 948 praefuturus,
577 898 617 936 in
642 900 855 948 proximam
884 898 1049 939 Galliam
1075 900 1191 942 venit.

289 959 458 1002 XXXV.
495 959 532 999 Is
567 960 791 1004 auctoritate
819 960 883 1000 sua
916 961 1144 1013 Pompejum
1179 963 1344 1003 adduxit
1368 963 1419 1003 ad
1452 977 1519 1015 pa-

235 1034 321 1061 cem
333 1052 345 1068 ,
363 1021 567 1073 effecitque
583 1054 595 1071 ‚
609 1032 652 1062 ut
670 1023 883 1064 discederet
904 1024 954 1065 ab
977 1026 1113 1074 armis,
1131 1025 1283 1066 senatus
1309 1026 1365 1065 illi
1386 1026 1524 1077 septies

235 1083 397 1132 millies,
425 1093 612 1134 quantum
634 1098 683 1125 ex
710 1086 822 1125 bonis
847 1088 929 1137 ejus
953 1087 1119 1139 paternis
1150 1088 1270 1128 Cae-sar
1294 1088 1491 1139 redegerat
1507 1119 1520 1137 ,

237 1147 274 1191 ἃ
310 1158 384 1185 orae
418 1147 616 1186 maritimae
644 1148 908 1198 praefec‘tmam
926 1151 1055 1192 daret.
1095 1151 1192 1201 Quae
1219 1163 1276 1190 res
1303 1164 1350 1190 eo
1381 1150 1520 1189 confici

235 1206 388 1249 facilius
423 1210 577 1259 potuit,
615 1212 718 1260 quod
749 1210 860 1251 salvis
892 1212 1044 1251 Caesaris
1078 1213 1170 1253 aestis
1200 1211 1344 1258 fiebat:
1379 1213 1522 1264 quippe

238 1268 362 1309 Caesar
395 1279 568 1313 extremo
595 1281 769 1323 tempore
802 1275 976 1322 eunetis,
1014 1274 1130 1314 etiam
1169 1275 1310 1325 quibus
1346 1275 1524 1316 nondum

238 1332 464 1383 ignovisset,
487 1334 564 1374 fine
588 1336 815 1387 exceptione
839 1338 991 1387 pristina
1012 1340 1096 1387 J'ura
1120 1338 1426 1379 reddiderat2ut
1443 1350 1524 1378 non

236 1406 383 1433 novum
412 1396 448 1434 ei
472 1396 645 1437 dandum
675 1397 907 1439 beneficium
924 1430 936 1447 ‚
963 1399 1029 1439 sed
1053 1398 1362 1440 confirmandum
1380 1428 1392 1446 ‚
1419 1399 1527 1449 quod

239 1454 403 1496 dedisset
425 1456 546 1497 Caesar
559 1489 571 1507 ,
590 1459 792 1498 videretur.
830 1459 1064 1510 Adjuvitque
1080 1461 1269 1499 Antonius
1283 1492 1297 1508 ,
1317 1459 1463 1498 amicus
1487 1461 1525 1504 ὃς

236 1517 477 1568 propinquus
504 1518 672 1569 Lepidi,
712 1520 804 1559 odio
835 1533 989 1571 quoque
1016 1521 1171 1566 Caesaris
1201 1523 1407 1564 inimicum
1441 1523 1525 1571 ejus

235 1591 443 1634 paternum
483 1582 749 1622 corroborans.
795 1583 1024 1634 pompejus,
1057 1585 1223 1630 deducto
1261 1598 1310 1625 ex
1341 1584 1527 1636 Hispania

239 1645 433 1690 exercitu,
461 1645 645 1685 concessit
660 1644 862 1686 Massiliam
876 1676 887 1694 ,
909 1655 951 1684 ut
975 1647 1126 1686 interim
1140 1678 1151 1696 ,
1175 1648 1269 1698 quid
1294 1648 1331 1686 in
1353 1648 1449 1687 urbe
1465 1647 1531 1688 lie-2

241 1715 323 1756 ret,
348 1707 618 1759 specularetur.
642 1709 697 1749 M.
715 1709 862 1760 Lepido
886 1708 1052 1749 honores
1076 1709 1123 1753 ab
1148 1709 1280 1750 senatu
1299 1708 1442 1758 habiti,
1461 1709 1530 1748 sta-

239 1775 306 1810 tua
335 1770 512 1820 equestris
544 1770 713 1810 inaurata
750 1771 788 1809 in
829 1771 952 1811 rostris
984 1771 1121 1822 polita,
1156 1784 1245 1811 cum
1282 1771 1532 1822 inscriptione>

238 1830 446 1882 praeclara:
488 1845 580 1871 mox
613 1834 648 1871 δε
682 1832 900 1884 triumphus
930 1832 1102 1882 absenti,
1141 1834 1254 1874 rebus
1299 1834 1408 1884 gestis
1447 1846 1529 1873 non

240 1894 442 1942 maximis,
470 1895 661 1934 decretus.

297 1955 486 1996 XXXVI.
512 1956 668 1995 Interim
683 1956 732 1995 ad
748 1956 823 1995 vim
848 1959 881 1997 ἃ
901 1970 1003 1997 arma
1021 1971 1078 1998 res
1094 1957 1264 2009 spectare
1285 1958 1427 2008 coepit,
1442 1968 1533 1997 cum

236 2017 447 2059 Rntonium
463 2049 473 2066 ,
490 2018 708 2058 consulatus
732 2019 871 2057 viribus
893 2018 1141 2069 praevalidum
1158 2049 1168 2067 ‚
1185 2019 1419 2059 Oetavianus
1444 2029 1532 2058 aeta-

240 2087 282 2119 te
312 2082 349 2120 δε
377 2082 516 2128 injuria
544 2081 785 2128 favorabilis,
815 2083 849 2121 &a
887 2081 1047 2121 affumto
1072 2081 1226 2121 Caesaris
1255 2082 1438 2129 nomine,
1462 2093 1533 2131 op-

237 2151 438 2196 pugnaret.
465 2144 620 2196 Idcirco
642 2143 829 2183 Antonius
854 2156 887 2184 a.
916 2145 951 2182 d.
978 2155 1051 2185 vn
1083 2144 1142 2184 Id·
1171 2144 1330 2184 Otrobr.
1357 2145 1531 2188 Brundu-

239 2204 335 2248 fium
362 2204 506 2252 exivit,
543 2204 758 2255 legionibus
792 2205 1059 2246 Macedonicis
1093 2214 1254 2256 quatuor
1282 2205 1534 2253 occursurus,
1587 2220 1590 2221 ⁷

237 2277 281 2308 ut
306 2269 463 2318 pecunia
490 2267 554 2307 fibi
579 2268 799 2308 conciliatas
827 2270 874 2307 ad
902 2268 1036 2307 urbem
1062 2269 1295 2316 adduceret,
1323 2280 1463 2317 magno
1489 2268 1536 2306 ti-

239 2341 347 2368 more
364 2331 541 2369 civitatis.
573 2331 716 2370 Contra
741 2331 861 2370 Caesar
877 2331 914 2368 in
934 2331 1181 2380 Campaniam
1205 2331 1442 2377 eil-cucurrit,
1461 2329 1536 2379 pri-.

235 2402 421 2440 mumque
446 2404 468 2430 a
484 2391 650 2440 Calatia,
681 2405 770 2432 mox
795 2405 815 2430 a
831 2392 994 2431 Casilino
1019 2401 1217 2430 veteranos
1244 2391 1444 2437 evocavit,
1471 2390 1535 2430 in-

281 2501 304 2545 §
330 2501 484 2535 XXXW.
507 2501 587 2533 Dio.
609 2502 632 2546 §
651 2502 791 2540 XXXV.
813 2503 884 2536 Cic.
911 2502 994 2537 Phil.
1015 2513 1070 2546 13,
1093 2512 1126 2543 4q
1154 2503 1294 2536 Simon.
1321 2501 1354 2534 'm
1380 2499 1483 2547 CaeR-
1503 2513 1535 2541 ς»

242 2555 296 2587 75·
331 2546 412 2582 Dio.
440 2546 590 2595 Appiam,

1660 2398 1670 2469 ,κν-ι·
1667 2364 1670 2373 ,

1671 2618 1674 2628 -
1656 2589 1658 2596 “
1658 2482 1685 2560 35·-
