1685 3042
291 212 392 252 2220
456 203 547 249 JO.
575 200 1100 267 'FREINSHEMH
1134 196 1483 247 SUPPLEM2

294 313 434 351 derent:
459 317 523 359 at,
546 310 650 349 idem
676 309 891 360 postulante
917 318 1044 360 patre,
1075 307 1208 347 diverfi
1237 308 1377 347 eodem
1406 314 1583 357 tempore.

294 381 504 423 utrumque
527 372 857 411 contrucidarunt.

350 435 518 476 LXXX.
545 435 619 476 Sed
639 434 822 484 Egnatios
850 440 997 483 patrem
1033 432 1257 482 filiumque,
1280 429 1492 480 complexu
1513 440 1578 467 co-

291 494 480 536 haerentes
491 528 503 545 ‚
517 511 593 537 una
615 497 727 548 plaga
742 496 931 543 confecit3
953 494 1167 545 militesque
1179 525 1191 542 ‚
1205 493 1396 544 capitibus
1413 492 1549 532 ablatis
1564 521 1578 540 ‚

292 570 454 609 corpora
479 559 518 599 se
544 559 672 599 adhuc
713 557 1009 608 complectentia
1039 556 1285 610 reliquerunt.
1318 555 1447 595 Balbis
1480 555 1585 607 duo-¹¹

293 621 366 661 bus
389 624 507 661 tutius
533 622 655 662 visum
682 622 832 661 seorfim
857 622 1021 671 fugere,
1040 629 1246 669 utrumque
1269 619 1452 668 perdidit.
1484 611 1583 656 nam

292 691 423 734 pater,
449 683 544 723 falso
575 685 622 723 de
645 684 717 722 filii
746 684 851 722 caede
876 682 1010 721 nuntio
1035 681 1220 727 credens,
1247 680 1348 718 ultro
1371 680 1408 718 se
1437 679 1580 719 obtulit

288 745 637 795 persequentibus3
667 744 767 784 filius
800 745 945 782 interiit
981 742 1193 791 naufragio.
1237 741 1418 791 idemque
1450 742 1578 779 fatum

291 808 443 846 Aruntii
474 807 575 855 fuit,
605 807 668 845 cui
694 814 800 857 pater
826 806 890 845 vix
915 804 1173 856 persuaserat,
1206 812 1250 841 ut
1283 803 1472 853 superesse
1494 802 1577 842 seni

289 867 498 909 sustineret.
522 871 646 919 Atque
674 868 784 908 illum
813 870 998 907 comitata
1032 868 1082 907 ad
1107 875 1259 917 portam
1283 865 1414 905 infelix
1441 875 1580 914 mater,

290 941 416 978 neque
443 929 592 969 felicior
622 940 824 978 matrona,
848 929 962 969 rediit
993 930 1043 969 ad
1070 928 1364 978 componendas
1392 927 1460 966 viri
1488 926 1576 966 reli-

292 991 427 1041 quias:
452 1006 578 1043 neque
602 992 725 1032 multo
747 993 851 1044 post,
877 994 1010 1033 audito
1037 992 1107 1032 filii
1127 991 1378 1042 casu‚inedia
1393 991 1460 1031 fibi
1485 1003 1578 1030 con-

290 1055 402 1094 scivit
426 1066 604 1096 mortem.

345 1119 534 1160 LXXXI.
563 1121 668 1160 Inter
695 1120 767 1161 hos
794 1128 954 1160 terrores
970 1151 983 1169 ,
1009 1120 1067 1160 M.
1091 1120 1296 1161 Terentius
1319 1119 1438 1158 Varro
1457 1117 1577 1158 tribu-

289 1195 364 1221 nus
388 1182 535 1233 plebis,
561 1197 611 1222 ne
643 1183 714 1223 fibi
742 1183 933 1231 eveniret,
965 1183 1070 1232 quod
1104 1182 1243 1222 Helvio
1273 1182 1405 1221 Cinnae
1429 1193 1551 1231 nuper
1568 1209 1582 1228 ,

289 1244 418 1283 edieto
448 1245 663 1296 proposito,
680 1247 721 1299 fe
741 1247 848 1298 causa
870 1246 905 1284 6»
929 1245 1113 1296 agnomine
1134 1244 1297 1296 distingui
1322 1242 1505 1293 professus
1523 1241 1578 1282 est

287 1307 335 1343 ab
358 1321 396 1344 eo
424 1307 727 1356 Varr011e‚quem
753 1305 807 1344 sui
833 1306 901 1344 aevi
921 1304 1204 1352 doftiffimum,
1231 1315 1485 1353 magnamque
1505 1303 1578 1341 mi.

288 1367 381 1407 litiae
416 1367 572 1407 laudem
604 1368 774 1419 parendo
806 1370 842 1407 ὁὶ
865 1368 1092 1416 imperando
1121 1367 1329 1414 meritum,
1357 1366 1455 1405 forte
1480 1378 1577 1415 pro-

289 1438 376 1480 pter
408 1430 492 1469 haec
523 1431 625 1481 ipfa,
662 1440 847 1481 tanquam
884 1431 1060 1480 iniquum
1098 1429 1382 1476 dominationi,
1412 1427 1575 1468 Tresviri

289 1491 602 1542 proscripserant.
655 1493 730 1531 Sed
782 1492 956 1530 certatim
997 1504 1086 1530 eum
1122 1493 1291 1541 recipere
1330 1489 1578 1541 cupientibus

289 1553 423 1594 amicis
438 1584 450 1600 ,
472 1554 602 1594 fufius
626 1553 788 1594 Calenus
813 1554 927 1601 vicit,
945 1553 1156 1603 habuitque
1184 1566 1274 1592 eum
1300 1554 1340 1592 in
1364 1552 1478 1601 villa,
1503 1553 1573 1592 ubi

288 1618 388 1669 saepe
413 1631 461 1657 ex
484 1619 620 1657 itinere
650 1617 863 1659 divertebat
888 1616 1100 1656 Antonius:
1125 1629 1249 1667 neque
1271 1629 1292 1655 a
1317 1627 1510 1666 quoquam
1526 1628 1575 1655 ex

285 1680 354 1719 sua
374 1690 439 1720 aut
455 1681 586 1720 Caleni
609 1679 757 1719 familia
780 1680 974 1718 indicatus
988 1709 1000 1726 ,
1021 1677 1157 1730 effugit
1179 1677 1414 1728 periculum,
1437 1677 1574 1717 vitam-

289 1755 366 1792 que
408 1745 444 1782 &
489 1743 609 1782 studia
638 1743 687 1781 ad
721 1743 970 1781 centesimum
1003 1742 1124 1780 ferme
1160 1754 1301 1781 annum
1342 1741 1573 1791 prorogavit.

285 1803 539 1845 Bibliothecis
583 1817 715 1843 tamen
747 1804 823 1843 suis
853 1803 926 1842 hac
961 1804 1238 1854 proscriptione
1279 1803 1458 1853 direptis,
1485 1815 1576 1852 par-

286 1874 367 1908 tem
391 1866 615 1907 desideravit
646 1867 828 1906 librorum
846 1896 857 1914 ,
885 1879 980 1917 quos
1006 1867 1055 1905 ad
1083 1878 1168 1904 eam
1193 1866 1300 1905 diem
1333 1877 1472 1915 magno
1503 1878 1574 1904 nu-

287 1939 396 1966 mero
424 1927 706 1977 composuerat.

343 1989 550 2030 LXXXII.
592 1990 668 2031 Sed
704 1990 744 2029 in
777 1989 852 2028 alio
884 1988 971 2028 sene
1003 1988 1170 2027 humana
1202 1987 1427 2035 infirmitas,
1458 1995 1574 2037 atque

287 2052 503 2102 ignorantia
524 2066 672 2101 rerum,
696 2066 837 2103 magno
865 2051 1047 2102 exemplo
1074 2051 1208 2102 patuit.
1247 2051 1442 2101 quomodo
1466 2053 1573 2091 enim

286 2113 519 2164 proscriptus
539 2122 560 2153 a
582 2113 688 2155 Sulla
714 2113 771 2154 M.
805 2112 989 2153 Fidustius
1023 2111 1172 2151 senator
1199 2111 1335 2150 timere
1365 2111 1572 2161 potuiffet,

286 2187 337 2214 ne
365 2185 473 2216 tanto
506 2176 708 2216 intervallo
740 2177 787 2216 ab
811 2176 1060 2224 hominibus,
1087 2177 1154 2225 qui
1177 2183 1259 2214 tum
1298 2187 1347 2213 ne
1381 2177 1462 2214 nati
1487 2175 1572 2224 qui-

288 2240 376 2278 dem
403 2254 536 2280 omnes
567 2249 696 2289 erant,
722 2239 1049 2291 proscriberetur?
1081 2238 1156 2279 Sed
1186 2237 1239 2276 illi
1267 2238 1348 2277 haec
1373 2237 1450 2287 ipsa
1476 2251 1571 2288 pro-

286 2302 503 2352 scriptionis
527 2303 735 2354 mortisque
764 2302 875 2342 causa
910 2302 996 2341 fuit.
1026 2301 1167 2341 Contra
1199 2298 1369 2339 Valerius
1396 2299 1569 2340 Messalla

288 2366 522 2417 proscriptus
551 2367 598 2406 ab
635 2366 831 2415 Antonio,
855 2365 983 2416 postea
1011 2363 1141 2404 conful
1170 2364 1209 2405 in
1242 2363 1372 2404 locum
1403 2365 1483 2411 ejus
1508 2363 1572 2403 fa.-

337 2487 359 2527 §
385 2485 536 2518 LXXIX.
564 2487 636 2517 Cic.
663 2486 703 2518 ad
732 2487 836 2518 Anac.
864 2487 908 2521 6,
939 2495 970 2516 2.
998 2483 1086 2515 Plut.
1114 2483 1149 2515 ‘m
1174 2483 1247 2519 Cic.
1276 2483 1308 2516 ἃ
1330 2485 1459 2517 Anton.
1483 2481 1567 2518 Dio.

294 2530 318 2575 S
344 2531 496 2564 LXXXI.
518 2532 627 2575 Agell.
653 2543 713 2573 μ),
741 2542 795 2571 14.
829 2530 904 2565 Val.
924 2529 1018 2562 Mas.
1041 2535 1078 2569 b,
1102 2540 1136 2570 7.
