1685 3042
289 181 383 245 258
447 180 543 227 JO.
589 176 1100 224 FREINSHEMH
1139 174 1513 247 SUPPLEM

288 283 331 322 in
361 282 625 322 continentem
662 281 838 321 redierat.
872 281 988 321 Hunc
1023 277 1208 318 arceffivit
1244 277 1384 317 Brutus
1421 277 1578 325 Sardes,

287 345 536 396 venientique
560 355 648 382 cum
673 343 803 382 amicis
839 342 1016 381 occurrit.
1050 341 1195 390 Magna
1221 340 1302 388 ejus
1331 338 1408 377 diei
1436 338 1578 387 species

286 406 384 455 fuit,
407 419 496 446 cum
524 406 618 445 tanti
649 407 839 445 exercitus
872 405 1013 443 starent
1037 405 1078 443 in
1110 403 1249 449 armis,
1277 403 1312 442 δι
1339 411 1492 454 ρι’νορῑεῐ
1517 413 1575 440 res

286 466 389 506 bene
422 467 538 518 gestas
581 476 784 516 utrumque
826 466 965 517 pariter
1001 466 1273 515 imperatorem
1317 463 1574 503 concordibus

271 529 451 570 'vocibus
476 530 690 570 salutarent.
1085 531 1090 536 '
1358 530 1361 531 ⁷

343 593 554 634 XXXVII.
580 593 655 631 Sed
678 591 744 641 ipfi
770 591 893 629 statim
919 603 939 629 a
964 591 1026 629 via
1047 589 1295 640 colloquendi
1319 589 1428 629 causa
1452 589 1580 628 diver.

286 661 418 693 terunt
432 655 471 692 in
495 653 678 693 conclave
703 652 922 702 quoddam,
937 650 1093 690 semotis
1109 651 1268 690 arbitris.
1287 651 1388 692 Nam
1415 660 1457 690 ut
1477 653 1577 690 inter

285 717 389 755 viros
407 724 512 754 tanta
538 716 708 764 potentia
734 714 945 760 subnixos,
961 712 1169 763 multisque
1198 713 1358 752 ducibus
1385 715 1419 752 Sc
1443 712 1578 752 amicis

284 778 462 828 stipatos,
484 776 714 826 suspiciones
733 784 821 814 ortae
839 784 958 814 erant.
991 775 1060 814 His
1074 773 1175 814 ultro
1197 774 1368 824 citroque
1383 774 1578 823 proferen-

287 840 348 878 dis
372 840 411 877 in
436 838 726 877 contestationes
743 838 778 876 Sc
800 836 1089 886 objurgationes
1113 834 1262 884 ibatur3
1283 835 1492 884 fletumque
1515 847 1580 874 au-

288 902 369 941 dire
393 911 492 948 erat,
514 903 547 940 <Sc
562 900 867 939 vehementiores
887 899 1038 937 interim
1055 910 1168 938 voces
1185 929 1196 946 ‚
1214 907 1256 936 ut
1275 910 1413 947 magno
1435 897 1475 935 in
1500 909 1581 935 me·

285 972 329 1003 tu
356 976 424 1014 pro
447 964 594 1002 foribus
614 963 727 1001 amici
761 962 953 1011 utriusque
976 961 1118 1007 client,
1135 960 1299 1011 quibus,
1324 976 1364 999 ne
1387 959 1505 1013 injuffi
1525 961 1582 997 in-

281 1027 520 1079 grederentur,
547 1026 685 1063 acriter
709 1023 955 1062 interdictum
977 1030 1068 1061 erat.
1103 1022 1179 1063 Sed
1207 1022 1257 1061 ad
1281 1029 1496 1061 extremum
1517 1020 1575 1061 M.

284 1087 504 1135 favonius,
531 1087 586 1127 M.
606 1087 765 1126 Catonis
788 1086 941 1136 ineptus
966 1085 1163 1133 imitator,
1188 1097 1420 1134 quamquam
1450 1082 1578 1134 prohi-

285 1149 468 1189 bentibus
505 1150 681 1188 ministris
713 1150 954 1199 irrumpens,
984 1147 1150 1187 recitatis
1188 1146 1348 1187 Homeri
1387 1145 1578 1192 verfibus,

287 1213 426 1263 quibus
449 1213 607 1261 Nestor,
625 1227 747 1266 parere
759 1213 828 1263 fibi
842 1224 931 1251 natu
947 1212 1118 1257 minores,
1134 1209 1242 1259 jubet
1256 1239 1267 1258 .,
1297 1208 1420 1249 Caffio
1438 1208 1552 1247 risum
1566 1238 1579 1256 ,

286 1275 407 1316 Bruto
428 1276 523 1315 iram
551 1276 697 1323 movit3
717 1274 821 1325 isque
836 1274 942 1326 exeffi
967 1273 1069 1322 justit
1094 1272 1254 1324 inscitum
1278 1285 1411 1319 canem,
1430 1271 1464 1309 δ’
1478 1269 1581 1307 adul·

283 1340 429 1378 terimmz
455 1353 572 1376 canem
585 1368 596 1386 ,
616 1338 753 1377 Graecis
772 1337 898 1376 verbis
916 1336 1019 1375 bunc
1035 1337 1073 1374 in
1098 1336 1137 1374 in
1159 1334 1308 1374 sensum
1324 1332 1576 1373 conviciatus.

343 1401 573 1441 XXXVIII.
607 1403 755 1441 Tamen
780 1399 845 1438 ille
869 1399 954 1438 finis
986 1398 1243 1438 altercationis
1274 1394 1574 1446 imperatoribus

286 1465 382 1504 fuit:
401 1466 436 1503 ἃ
448 1465 495 1503 ad
511 1477 661 1503 coenam
679 1464 789 1503 Caffii
805 1464 942 1503 Brutus
959 1463 1243 1512 amiciqueejus
1259 1467 1572 1511 comparuerunt.

287 1526 393 1566 Tum
422 1527 458 1565 ἃ
484 1525 676 1564 Favonius
703 1523 832 1571 affuit,
861 1526 897 1563 ὃς
921 1536 1009 1562 cum
1035 1523 1253 1573 supremum
1281 1523 1322 1561 in
1350 1521 1494 1561 lec‘tum
1519 1533 1578 1560 re.-

287 1589 468 1638 jiceretur
492 1600 512 1626 a
536 1586 653 1626 Bruto
669 1616 680 1634 ,
704 1586 904 1638 neutiquam
926 1585 1113 1623 invitatum
1128 1584 1308 1631 testante,
1334 1595 1469 1633 magna
1489 1595 1581 1621 con.

287 1651 463 1690 tentione
502 1648 672 1699 corporis
715 1657 850 1687 contra
886 1646 1112 1696 repellentes
1154 1645 1264 1694 usus,
1297 1646 1336 1684 in
1373 1644 1502 1684 medio
1540 1643 1580 1684 se

287 1712 468 1762 reposuit.
512 1711 692 1751 Postridie
721 1711 842 1748 virum
870 1710 1088 1759 praetorium
1118 1708 1157 1748 L.
1189 1706 1356 1754 Pellam,
1390 1705 1580 1757 postulan-

288 1777 394 1815 tibus
423 1776 720 1826 repetundarum
757 1774 977 1821 Sardianis,
1013 1771 1209 1812 damnavit
1237 1771 1371 1811 Brutus
1401 1769 1577 1821 publice:

288 1838 578 1888 momorditque
600 1850 643 1876 ea
666 1849 722 1875 res
738 1835 924 1884 Caslium,
941 1836 1029 1886 quia
1047 1847 1125 1873 non
1142 1834 1192 1872 ita
1214 1833 1363 1884 pridem
1380 1831 1457 1882 ipse
1479 1832 1577 1870 duos

289 1914 337 1940 ex
366 1901 578 1940 amicorum
609 1899 770 1938 cohorte
795 1899 898 1950 paris
932 1898 1099 1937 criminis
1123 1904 1373 1947 compertos,
1401 1895 1580 1946 privatim

290 1962 529 2003 admonuisse
558 1967 785 2008 contentus,
813 1959 940 2010 palam
973 1957 1195 1998 absolverat.

347 2025 543 2066 XXXIX.
574 2024 732 2074 Objecit
757 2024 874 2074 igitur
909 2022 984 2061 hoc
1009 2023 1150 2069 Bruto,
1183 2029 1299 2070 atque
1326 2019 1448 2058 amicis
1480 2032 1581 2057 uten-

292 2088 376 2125 dum
399 2087 551 2124 monuit
568 2084 828 2137 indulgentius,
845 2083 882 2121 ni
903 2083 1008 2134 deseri
1026 2083 1158 2121 velim.-
1184 2089 1314 2120 contra
1332 2080 1466 2119 Brutus
1489 2080 1581 2118 Idus

290 2147 455 2187 Martias
493 2144 720 2192 testabatur,
758 2158 860 2195 neque
896 2145 970 2181 ideo
1017 2143 1228 2181 interemtum
1263 2143 1448 2194 Cet-sarem,
1488 2141 1581 2191 quod

289 2207 365 2260 ipse
385 2206 498 2259 perse
524 2206 655 2243 laederet
678 2204 862 2258 fingulos,
878 2205 944 2257 fi’d
966 2204 1050 2256 quia
1073 2205 1136 2241 hoc
1163 2202 1339 2254 agentium
1372 2200 1471 2239 robur
1491 2213 1579 2251 prae*

281 2270 477 2323 fidiumque
502 2267 589 2320 effer.
614 2269 772 2320 Quodsi
795 2267 845 2304 ita
855 2268 905 2318 fir
925 2266 1094 2318 agendum
1110 2293 1120 2312 ‚
1143 2263 1282 2302 tolerari
1308 2262 1471 2315 CaeJIzrem
1491 2275 1581 2312 prae.

282 2329 416 2384 stitiffi’.
446 2331 542 2367 Tunc
566 2330 679 2375 enim,
705 2328 858 2381 inquit,
889 2342 962 2365 una
989 2327 1089 2365 nobis
1121 2326 1239 2364 harere
1262 2336 1398 2377 poterat
1424 2323 1578 2376 ignavia:

337 2455 359 2499 ς
384 2454 542 2488 XXXVI.
570 2452 658 2487 Plut.
681 2453 714 2485 in
740 2452 856 2498 Pomp.
880 2452 913 2487 δί
931 2453 1024 2486 Brut.
1047 2449 1168 2496 Dio.§
1192 2448 1368 2485 XXXVII.
1391 2446 1488 2482 Arist.
1512 2457 1575 2491 p·—

294 2500 349 2539 lit.
372 2511 411 2545 3,
443 2511 492 2536 ιι.
518 2499 600 2536 Dio.
629 2498 719 2534 Plut-
