1685 3042
286 225 580 273 1NLOC.
625 222 1144 269 LIB.CXVIL1V.
1279 237 1361 267 121

157 329 279 373 CXV.
311 332 385 372 Sed
413 333 447 370 Sc
471 330 511 368 in
536 328 664 368 senatu
691 341 758 378 per
787 327 942 366 eosdem
969 326 1058 365 illos
1083 327 1188 375 dies,
1210 327 1378 367 Antonio

99 394 310 443 referente,
337 393 457 432 multa
489 391 667 442 praeclare
695 390 898 429 constituta
926 403 936 428 :
977 389 1074 427 inter
1101 403 1207 439 quae,
1241 405 1282 429 ne
1312 402 1384 440 qua

99 458 173 509 post
201 457 289 495 Idus
317 454 478 494 Martias
496 454 726 492 immunitatis
750 452 896 497 tabula,
923 466 1009 489 neve
1035 449 1235 503 cujusquam
1260 451 1386 501 benefi-

99 520 147 558 cii
175 519 369 571 figeretur,·
407 517 442 556 ἃ
468 514 588 564 illud,
621 516 795 554 omnium
822 512 991 552 maxime
1024 521 1156 561 aptum
1193 508 1385 557 libertati,

101 590 142 616 uc
167 592 288 619 nomen
316 578 487 616 dsaaturae
516 577 553 615 in
578 589 775 630 perpetuum
807 591 824 614 e
852 573 1027 628 republica
1052 573 1251 619 tolleretur,
1272 570 1385 610 exse-

103 638 338 679 erationibus
368 638 508 677 additis
535 639 572 676 in
604 652 714 676 eorum
743 638 888 690 capita,
916 636 975 688 qui
1000 635 1206 673 mentionem
1233 632 1311 686 ejus
1327 633 1388 688 j}-

101 700 240 752 czffint,
271 701 374 752 quive
407 701 642 753 magistratum
675 713 749 738 eum
785 696 1013 748 acceffiffint‚
1044 695 1206 746 praemiis
1231 706 1385 744 quoque

103 762 315 802 constitutis
335 792 346 810 ‚
372 763 410 811 fi
431 763 511 814 quis
539 763 660 801 horum
693 761 842 813 aliquem
874 759 1058 810 occidzffet.
1101 757 1200 798 Cum
1227 756 1279 795 ob
1304 756 1389 795 haec

103 822 280 863 laudibus
313 824 488 862 omnium
517 824 702 863 Antonius
737 822 775 860 in
809 820 952 861 coelum
987 819 1206 867 efferretur,
1228 817 1392 858 aemula-

103 884 209 923 tione
236 883 414 923 accensus
452 883 674 932 Dolabella,
703 896 769 933 per
798 881 1006 921 absentiam
1031 879 1216 929 collegae,
1243 877 1391 917 tumul-

106 953 277 986 tuantem
307 945 467 984 subinde
499 944 654 995 plebem
689 946 879 985 acerrimis
904 943 1102 994 suppliciis
1131 942 1322 993 repressit,
1347 941 1393 979 li-

104 1008 202 1044 beros
230 1008 385 1045 homines
409 1009 450 1044 de
466 1009 562 1059 saxo
586 1008 690 1061 dejici
712 1008 874 1058 jubens,
895 1007 1045 1060 firvitia
1074 1008 1112 1043 in
1139 1019 1268 1043 crucem
1295 1003 1389 1043 tolli.

105 1068 173 1107 sed
202 1070 238 1108 δε
263 1068 487 1109 columnam
512 1082 693 1124 aramque
714 1070 847 1113 Caesari
873 1069 1035 1121 positam
1061 1068 1198 1108 evertit
1216 1096 1228 1117 ,
1248 1065 1389 1107 solum-2

105 1143 180 1181 que
206 1130 449 1171 sternendum
476 1131 635 1172 locavit.

162 1191 298 1235 CXVI.
330 1194 378 1232 At
410 1191 491 1231 haec
521 1193 651 1230 omnia
678 1192 782 1230 brevi
811 1192 963 1232 suntin
996 1193 1233 1232 contrarium
1260 1190 1387 1231 versa:

108 1253 324 1307 eodemque
359 1254 447 1293 loco
479 1253 667 1304 templum
694 1254 822 1304 postea
858 1254 1118 1301 exstrffium,
1153 1254 1195 1291 in
1223 1252 1392 1292 Deorum

106 1325 311 1353 numerum
339 1314 473 1355 relato.
508 1315 597 1355 Hoc
632 1316 798 1365 primurn
834 1316 969 1369 Ronsse
1006 1314 1136 1369 impiae
1178 1313 1393 1353 stoliditatis

107 1374 332 1425 exemplum
355 1377 453 1416 fuit:
485 1390 506 1416 a
536 1389 612 1426 quo
638 1376 764 1426 postea
789 1378 960 1418 manavit
987 1389 1072 1416 mos
1091 1375 1397 1422 absurdiffimus‚

111 1435 315 1477 defunetos
343 1439 591 1488 imperatores
617 1438 838 1489 appellandi
866 1441 992 1486 Deos,
1020 1451 1115 1488 quos
1142 1439 1249 1477 vivos
1267 1449 1316 1474 ne
1340 1449 1396 1474 re-

109 1510 173 1548 ges
200 1498 356 1549 quidem
385 1498 568 1550 appellari
593 1501 789 1547 majorum·
810 1500 972 1551 gravitas
996 1498 1144 1540 tulerat.
1175 1499 1291 1538 Hunc
1314 1497 1395 1536 exi-

109 1568 190 1599 tum
218 1561 305 1599 vitae
327 1560 370 1600 C.
395 1560 516 1601 Caesar
539 1561 643 1600 sexto
664 1562 698 1600 δε
724 1561 1039 1612 quinquagesimo
1065 1559 1183 1600 aetatis
1203 1573 1304 1599 anno
1330 1558 1396 1597 ha-

113 1622 224 1662 buit:
256 1624 314 1663 vir
341 1623 561 1664 Alexandro
589 1624 738 1675 Magno
767 1623 872 1664 haud
897 1625 1090 1663 immerito
1120 1623 1285 1662 conferri
1315 1621 1402 1663 soli.

112 1689 198 1732 tus,
228 1684 386 1722 maximi
415 1685 553 1736 vigoris
589 1685 638 1724 ad
663 1686 820 1734 onmia·,
850 1685 913 1735 qui
946 1685 1148 1735 perficere,
1184 1684 1289 1735 quod
1320 1683 1399 1723 vel-

113 1744 199 1798 let,{
216 1744 362 1795 poffet:
397 1744 473 1787 hoc
496 1744 690 1796 miserior,
717 1747 823 1797 quod
845 1760 926 1787 non
951 1745 1074 1785 voluit
1102 1745 1284 1793 meliora,
1319 1746 1398 1784 du-

115 1807 299 1858 biumque
327 1808 502 1859 reliquit,
532 1817 659 1852 utrum
689 1822 779 1851 eum
809 1808 937 1857 nasci,
964 1821 1013 1847 an
1047 1821 1137 1847 vero
1166 1821 1246 1846 non
1269 1807 1398 1856 nasci,

113 1869 335 1920 reipublicae
361 1872 481 1922 magis
517 1870 728 1921 profuisset.
768 1871 925 1911 Generis
952 1869 1109 1910 humani
1138 1871 1313 1922 profesto
1337 1883 1404 1920 pe.⁸

89 1931 180 1986 ,stis
213 1931 286 1973 fuit
325 1932 607 1973 crudelissima:
641 1934 705 1983 qui
740 1933 877 1985 pugnis
913 1933 1189 1985 quinquaginta
1225 1931 1400 1979 duabus,

114 2007 274 2045 quarum
291 1995 416 2035 multo
442 2000 632 2047 majorem
658 2003 806 2048 partem
830 1994 909 2036 sola
934 1996 1069 2036 duetus
1092 1995 1303 2035 ambitione
1332 1995 1402 2033 de·-

117 2056 302 2105 certavit,
327 2058 508 2098 undecies
533 2068 689 2098 centum
713 2061 749 2103 δε
765 2058 975 2109 nonaginta
996 2059 1074 2098 duo
1095 2057 1215 2097 millia
1236 2057 1401 2098 hostium

118 2117 302 2158 occidisse
326 2118 444 2159 fertur
460 2150 472 2168 ,
498 2133 578 2159 non
603 2121 836 2170 computatis
861 2120 1007 2161 civium
1030 2119 1188 2162 'mfmitis
1207 2117 1398 2168 millibus,

117 2192 281 2231 quorum
309 2182 437 2222 referri
462 2195 667 2223 numerum
687 2190 869 2222 vetuerat.

167 2292 190 2335 §
215 2292 319 2327 CXV.
338 2294 409 2328 Cic.
427 2294 513 2329 Phil.
536 2307 566 2337 1,
581 2307 598 2328 2
618 2295 652 2328 &
671 2306 709 2336 2,
724 2295 779 2337 36.
800 2295 889 2329 Idem
909 2296 949 2328 ad
963 2296 1072 2330 Attic.
1096 2307 1136 2338 ¹4
1148 2305 1200 2339 ,7.
1215 2294 1292 2327 Liv.
1306 2292 1399 2337 Epit-

127 2334 211 2370 Dio.
235 2338 382 2380 Appian.
411 2341 506 2373 civil.
527 2342 550 2375 1„
579 2351 613 2373 2.
633 2341 655 2384 §
682 2339 806 2383 CXVI.
825 2340 967 2375 Sueton.
995 2342 1141 2386 Appian.
1166 2341 1256 2376 Plut.
1283 2339 1402 2375 Senec-

124 2390 194 2416 nat.
215 2383 327 2426 quaest,
349 2384 459 2420 Solin.
479 2396 508 2418 c.
523 2385 555 2421 6.
571 2385 658 2419 Plin.
683 2395 703 2425 7
716 2410 725 2424 ,
741 2393 797 2425 25.²
