1685 3042
290 200 352 244 652
445 197 537 242 JO.
573 194 1072 239 FREINSHEMII
1107 188 1472 247 SUPPJAEM.

288 315 425 353 repens
452 301 651 353 tempestas
673 301 787 340 etiam
819 299 947 339 effecit
974 299 1111 339 tristius
1129 330 1140 348 ‚
1172 299 1221 338 fic
1249 311 1402 350 quoque
1430 298 1577 349 depres-

287 366 334 405 sis
361 363 491 403 multis
516 376 565 402 ex
589 371 747 413 utraque
781 361 892 401 claffe
922 361 1097 401 navibus.
1136 360 1250 401 Ceffit
1276 369 1406 399 tamen
1426 361 1546 400 Varus
1563 391 1575 409 ‚

287 426 523 478 objeffisque
554 427 596 465 in
623 426 735 465 fauce
768 435 899 475 portus
926 426 1076 464 ancoris
1093 454 1104 472 ,
1132 424 1230 462 inter
1263 422 1340 461 sese
1365 422 1572 473 inexplica-

288 492 358 531 bili
381 504 481 530 nexu
509 489 726 536 obvinffis,
764 486 886 526 arcuit
919 486 1121 537 ingressum
1163 485 1357 524 hostilium
1387 485 1542 523 navium
1561 515 1574 531 ‚

287 551 482 602 classisque
518 550 693 600 reliquias
728 548 898 587 servavit.
944 548 1092 586 Interea
1123 546 1243 586 Caesar
1276 547 1316 584 in
1350 544 1576 595 Hispaniam

290 614 396 653 veuit
433 610 646 651 admirabili
684 609 905 655 celeritate,
929 610 992 656 ἃ,
1015 608 1120 658 quod
1159 607 1390 648 miraculum
1430 617 1576 658 auget,

286 673 419 714 iisdem
456 673 600 723 septem
624 673 659 711 δι
682 670 817 720 viginti
845 667 981 708 diebus
1013 668 1100 721 (tot
1131 669 1262 717 enim,
1286 681 1360 708 nec
1385 667 1575 719 amplius,

289 736 415 777 Roma
432 734 679 776 Obulconem
697 762 707 779 ,
733 731 798 770 ubi
816 731 1005 770 exercitus
1027 739 1130 778 erat,
1153 730 1357 785 pervenit)
1372 739 1575 781 poemate,

279 792 391 850 'quod
413 797 630 836 inscribitur
658 795 760 840 Iter,
783 792 1010 843 composito,

342 862 464 903 XLII.
486 860 614 902 Ullam
643 858 833 909 oppidum
864 858 933 896 Cn.
960 857 1164 906 pompejus
1187 862 1269 895 tum
1296 856 1574 906 oppugnabat,

287 926 335 966 ab
357 925 501 975 aliquot
527 923 728 962 mensibus.
759 922 909 961 Idcirco
935 919 1053 959 Caesar
1070 949 1080 967 ,
1105 917 1256 969 sperans
1282 918 1382 958 bene
1398 919 1574 958 meritam

291 988 484 1026 civitatem
518 985 594 1024 sola
632 984 819 1023 adventus
863 981 920 1020 sui
954 981 1059 1019 fama
1097 979 1247 1019 liberari
1281 979 1409 1031 poffe,
1437 980 1569 1021 relicta

287 1049 426 1098 majori
454 1056 560 1098 parte
587 1045 752 1085 militum
770 1075 780 1091 ‚
807 1056 898 1083 cum
933 1043 1067 1094 paucis
1085 1072 1098 1088 ‚
1124 1042 1188 1092 qui
1223 1041 1331 1092 sequi
1362 1050 1542 1092 poterant
1561 1074 1573 1091 ‚

286 1110 336 1149 ab
361 1110 535 1159 equitatu
560 1107 671 1147 Fabii
696 1109 731 1146 δι’
758 1106 864 1145 Pedii
885 1098 1097 1155 leg'atorum
1113 1131 1124 1150 ‚
1151 1115 1265 1152 quem
1288 1114 1487 1142 occurrere
1508 1103 1577 1142 fibi

285 1171 464 1222 jusserat,
490 1170 529 1208 in
555 1169 672 1208 castra
698 1169 885 1207 dedustus
907 1167 971 1205 est.
1001 1165 1076 1206 Sed
1110 1164 1345 1214 pompejus,
1379 1177 1500 1203 unum
1523 1167 1578 1204 vi-

284 1246 370 1272 rum
400 1232 466 1270 uni
489 1243 568 1269 non
593 1231 690 1268 adeo
715 1227 885 1278 praestare
908 1234 1033 1273 ratus,
1059 1226 1099 1263 in
1126 1223 1324 1263 obsidione
1342 1224 1572 1274 persistebat.

287 1293 409 1334 Caesar
439 1293 553 1343 igitur
592 1291 776 1330 undecim
804 1288 982 1327 cohortes
1015 1300 1083 1336 per
1120 1286 1162 1326 L.
1194 1285 1341 1333 Julium
1379 1286 1576 1326 Patiecum

284 1355 501 1395 introduxit
533 1353 684 1400 Ullam,
709 1364 775 1402 per
799 1351 928 1389 media
947 1348 1119 1399 Pompeji
1156 1347 1323 1398 praefidia
1354 1354 1480 1387 tutum
1502 1350 1575 1388 iter

286 1417 481 1467 praebente
517 1416 662 1459 noste,
712 1413 833 1451 ventis
872 1412 908 1450 Sc
940 1408 1226 1460 tempestatibus
1268 1407 1458 1447 horrida:
1495 1408 1574 1458 ipse

287 1479 489 1518 contendit
514 1476 762 1522 Cordubam,
786 1487 863 1512 non
892 1473 1011 1511 modo
1037 1471 1104 1522 spe
1123 1471 1318 1509 avertendi
1344 1470 1574 1520 Pompejum

287 1541 336 1580 ab
370 1540 483 1588 Ulla,
526 1538 591 1578 sed
634 1538 749 1577 etiam
785 1535 964 1586 capiendi
1000 1547 1067 1585 per
1109 1534 1372 1584 proditionem
1410 1533 1573 1583 oppidi:

287 1616 401 1653 quam
427 1603 460 1641 ei
481 1601 585 1652 spem
606 1599 721 1650 legati
745 1598 1051 1638 Cordubenlium
1072 1597 1308 1645 injecerant,
1323 1607 1468 1646 nupero
1491 1597 1573 1644 ejus

286 1663 485 1711 adventu,
526 1674 615 1700 cum
654 1674 675 1700 a
714 1660 899 1710 PompeJ'o
937 1659 1058 1698 modo
1097 1656 1374 1705 disceffiffent,
1416 1657 1571 1697 obviam

287 1724 461 1775 profecti.

342 1787 481 1828 XLIII.
519 1784 637 1825 Priori
665 1783 822 1823 consilio
850 1782 1049 1834 respondit
1082 1789 1252 1821 eventus.
1289 1791 1455 1831 namque
1483 1780 1570 1820 Sex.

286 1850 517 1899 Pompejus‚
544 1847 607 1897 qui
634 1858 723 1884 cum
746 1845 918 1896 praefidio
948 1844 1170 1884 Cordubam
1199 1843 1379 1890 tenebat,
1409 1843 1568 1892 trepidis

286 1912 430 1953 nuntiis
454 1910 592 1950 accivit
617 1909 785 1948 fratrem.
827 1908 888 1948 Sic
912 1909 947 1947 ἃ
974 1907 1060 1948 Ulla
1090 1919 1209 1957 prope
1233 1915 1346 1956 capta
1369 1903 1571 1944 discrimen

289 1974 460 2025 effugit,
498 1975 533 2012 δι
561 1971 742 2011 Corduba
770 1983 791 2009 a
819 1959 963 2009 Caesare
994 1969 1125 2008 relicta
1156 1968 1207 2006 est
1233 1981 1242 2006 ;
1285 1980 1398 2017 quem
1434 1975 1569 2017 praeter

288 2037 434 2077 hostem
465 2036 581 2074 etiam
613 2046 751 2072 vexare
785 2031 941 2071 morbus
976 2039 1156 2081 coeperat.
1184 2029 1304 2083 Igitur
1335 2028 1498 2068 dilatum
1529 2029 1569 2067 in

285 2096 457 2137 hiemem
480 2095 647 2143 bellum,
667 2106 788 2144 neque
803 2092 1003 2133 discessum
1032 2094 1071 2130 in
1091 2091 1276 2139 hiberna3
1304 2102 1394 2129 cum
1417 2090 1570 2129 interim

287 2170 462 2211 quartum
488 2157 644 2205 consul,
671 2158 706 2196 δε
727 2155 984 2195 valetudinem
1006 2153 1244 2203 recuperavit
1267 2151 1410 2199 Caesar,
1432 2153 1468 2191 ἃ
1488 2164 1571 2201 par-

287 2232 367 2262 tem
402 2221 620 2267 exercitus,
647 2231 730 2268 quae
757 2217 936 2267 consequi
961 2215 1193 2254 celeritatem
1221 2215 1303 2262 ejus
1327 2213 1569 2263 nequiverat,

289 2283 448 2333 recepit.
479 2283 622 2331 Ategua
650 2279 902 2319 firmiffimum
927 2288 1006 2317 erat
1034 2276 1247 2328 praefidium
1277 2275 1469 2323 Pompeji,
1492 2287 1568 2323 quo

288 2344 497 2397 plurimum
530 2342 711 2383 frumenti
745 2351 1032 2393 comportatum
1067 2339 1202 2378 fuerat.
1230 2337 1275 2377 Id
1300 2336 1424 2376 subito
1451 2336 1571 2376 Caesax

288 2465 357 2541 H?-
381 2464 468 2539 XIbb
491 2463 579 2496 Flor.
608 2462 689 2500 Dio.
716 2462 862 2506 Appian.
894 2461 1001 2495 Srrab.
1024 2462 1047 2494 1.
1072 2470 1106 2501 7.
1140 2459 1162 2504 §
1192 2454 1297 2493 xml.
1319 2456 1447 2490 Auaor
1464 2456 1504 2490 de
1533 2455 1570 2490 B·

324 2522 387 2554 ip.
449 2520 497 2541 ιο.
