1685 3042
306 182 395 231 208
465 181 554 226 JO.
591 177 1097 242 FREINSHEMII
1134 174 1496 224 SUPPLEM.

304 289 412 340 quod
433 288 535 327 forte
558 287 600 326 in
627 299 718 337 agro
740 294 840 333 erat,
869 284 905 323 se
929 282 1171 322 illatebravit.
1193 283 1251 322 Ne
1273 282 1326 322 ibi
1353 283 1509 332 quidem
1531 290 1591 321 tu-

301 361 386 389 tum
423 351 458 388 ei
495 349 705 400 quidquam
734 347 836 393 fuit,
866 345 1014 384 furibus
1049 357 1094 382 eo
1131 343 1291 392 delatis,
1325 345 1388 394 qui
1423 343 1594 382 effodere

304 412 477 462 sepulcra
509 413 795 450 conlueverant.
833 409 898 447 sed
933 408 1028 446 dum
1055 407 1102 445 iis
1132 406 1169 445 se
1200 406 1443 457 spoliandum
1469 405 1599 445 servus

301 475 471 527 pubet,
505 472 696 524 effugium
723 473 771 511 ad
805 481 955 521 portam
993 470 1172 509 Lucretio
1202 469 1298 509 fuit:
1326 469 1430 520 isque
1459 468 1596 519 exspe-

304 538 420 576 cffavit
444 536 685 582 venientem,
716 534 751 572 &
766 563 778 580 ,
798 542 903 582 parte
931 531 1019 570 data
1048 531 1206 569 vestium
1237 530 1387 570 suarum
1404 559 1414 577 ‚
1437 542 1526 569 curn
1548 541 1595 568 eo

305 599 470 648 perrexit
495 598 680 636 domum:
706 592 953 642 receptusque
978 591 1026 630 ab
1052 604 1173 630 uxore
1197 593 1232 631 ἃ
1255 591 1494 641 occultatus,
1514 597 1598 642 pre-

299 660 412 698 cibus
433 659 643 697 amicorum
673 655 822 694 veniam
847 653 987 691 deinde
1014 653 1246 702 impetravit.

356 720 512 761 XLVll.
548 717 742 767 Ligarium
772 724 901 754 autern
933 713 1128 763 quendam
1157 726 1251 752 uxor
1285 714 1484 753 celaverat.
1511 713 1598 764 post

302 784 351 823 ab
385 781 546 830 ancilla,
579 793 662 830 quae
689 778 768 818 sola
801 790 882 815 rem
915 785 1045 823 norat,
1071 776 1271 826 proditum
1294 775 1448 827 lugens,
1482 785 1599 826 caput

303 846 518 885 auferentes
544 843 687 882 milites
716 853 804 879 cum
832 839 1000 878 clamore
1030 838 1276 889 sequebatur,
1302 839 1340 877 se
1365 851 1519 890 quoque
1534 851 1601 877 oc-

302 908 380 946 cidi
404 908 570 957 jubens,
591 919 675 956 quae
704 903 859 943 celasset
883 904 1034 941 virum:
1070 915 1160 941 nam
1196 904 1232 941 &
1258 914 1306 940 ex
1333 901 1404 940 his‘
1425 901 1596 941 caedibus

302 969 376 1008 effe
405 968 566 1018 praemio
594 966 738 1005 locum.
776 964 875 1004 Cum
900 962 939 1002 hi
969 976 1049 1001 non
1079 971 1347 1010 moverentur,
1374 962 1423 1001 ad
1449 962 1600 1002 Tresvi-

301 1042 365 1068 ros
395 1026 607 1079 procurrit,
638 1028 774 1065 eadem
815 1027 1005 1075 ingerens.
1044 1023 1119 1064 Ubi
1156 1025 1191 1063 <Sc
1217 1023 1256 1061 hi
1287 1022 1598 1071 dillimularunt,

302 1089 430 1127 inedia
465 1087 502 1126 se
539 1086 713 1126 confecit
749 1085 868 1125 domi.
907 1083 1079 1134 Sulpicia
1108 1096 1198 1122 vero
1234 1094 1323 1122 cum
1355 1082 1601 1133 diligentera

301 1160 425 1191 matre
449 1149 554 1199 Julia
583 1147 675 1188 effet
695 1147 904 1195 asservata,
932 1159 980 1185 ne
1006 1144 1214 1185 Lentulum
1240 1143 1540 1184 Cruscellionem
1558 1145 1599 1183 in

305 1214 474 1255 Siciliam
506 1213 750 1263 sequeretur,
784 1209 954 1249 ancillari
986 1208 1121 1247 habitu
1146 1219 1236 1245 cum
1263 1207 1412 1246 duabus
1448 1207 1600 1249 ancillis

301 1278 543 1327 totidemque
571 1275 711 1322 servis,
738 1275 893 1320 omnia,
917 1286 1032 1323 quam
1058 1272 1181 1310 virum
1210 1269 1445 1320 relinquere,
1477 1272 1512 1309 Sc
1538 1268 1599 1308 vel

304 1342 396 1380 vitae
429 1339 634 1378 discrimen
669 1337 774 1376 adire
815 1335 985 1382 maluit3
1027 1333 1242 1384 reperitque
1276 1331 1454 1371 Messanae
1488 1331 1601 1370 humi

303 1405 484 1450 stratum,
499 1403 536 1441 &
560 1399 747 1440 defiderio
765 1401 893 1437 uxoris
916 1397 952 1436 se
976 1396 1243 1440 afflictantem,
1264 1406 1497 1444 quamquam
1516 1394 1598 1433 dux

307 1466 507 1516 eopiarum
546 1474 568 1501 a
605 1462 690 1501 Sex.
725 1460 934 1510 Pompejo,
967 1458 1018 1497 ad
1062 1470 1177 1508 quem
1208 1456 1454 1507 profugerat,
1488 1468 1604 1496 crea-

305 1541 367 1568 tus
391 1529 493 1566 ellet.

376 1586 556 1629 XLVIII.
593 1584 760 1625 Acilium
792 1596 887 1622 uxor
920 1581 1084 1621 redemit
1115 1594 1137 1621 a
1163 1580 1375 1630 militibus,
1402 1581 1509 1620 omni
1533 1580 1601 1620 suo

306 1652 455 1691 mundo
484 1650 603 1688 dato:
633 1647 903 1696 servaruntque
927 1644 984 1683 illi
1008 1644 1149 1692 fidem,
1179 1655 1293 1694 atque
1320 1643 1437 1682 etiam
1463 1655 1603 1683 navem

309 1714 581 1753 conduxerunt
606 1712 647 1749 in
682 1708 851 1749 Siciliam
894 1707 1076 1757 fugituro.
1109 1705 1314 1756 Apulejum
1349 1707 1478 1756 coegit
1508 1704 1602 1754 sua,

310 1785 351 1816 ut
378 1776 564 1815 comitem
591 1773 692 1823 fugae
719 1770 939 1818 ascisceret,
967 1769 1157 1808 iudicium
1186 1770 1352 1814 minata,
1381 1768 1429 1816 fi,
1451 1767 1486 1806 se
1512 1767 1600 1806 reli-

307 1842 393 1887 ἀει,
418 1836 728 1889 proficisceretur.
761 1835 884 1884 Atque
919 1834 1125 1872 comitatus
1152 1832 1217 1871 iste
1242 1831 1414 1882 profuit,
1441 1830 1602 1869 minime

307 1902 565 1954 proscriptum
599 1899 878 1950 suspicantibus
913 1897 1062 1945 obviis,
1090 1897 1154 1947 qui
1189 1908 1278 1935 cum
1313 1907 1453 1941 uxore,
1489 1893 1604 1933 servis

310 1977 427 2019 atque
449 1965 620 2013 ancillis,
651 1964 805 2015 publica
817 1955 884 2002 'via
913 1973 990 2002 tam
1018 1962 1145 2001 secure
1163 1961 1233 2000 iter
1258 1960 1412 1999 faceret.
1443 1959 1602 1997 Antium

310 2032 486 2081 conjugis
516 2029 696 2069 industria
725 2027 894 2078 stragulis
925 2025 1144 2065 involutum
1175 2035 1241 2075 per
1268 2023 1418 2073 bajulos
1433 2021 1483 2060 ad
1498 2030 1603 2059 mare

310 2094 518 2140 transtulit,
551 2092 654 2131 unde
680 2093 834 2139 trajecit
862 2091 899 2128 in
927 2089 1110 2130 Siciliam.

370 2156 516 2197 XLlX.
547 2157 593 2195 At
617 2155 659 2194 C.
687 2154 868 2194 Antistius
896 2151 1095 2203 Rlieginus
1119 2162 1198 2189 non
1225 2148 1369 2199 vulgari
1392 2147 1509 2186 modo
1533 2145 1604 2185 ser-

312 2228 423 2262 vatus
459 2218 522 2259 est.
552 2217 682 2256 missus
710 2217 746 2255 in
778 2215 948 2255 cloacam
986 2214 1034 2253 ab
1070 2211 1211 2260 uxore,
1244 2212 1464 2260 proximum
1498 2209 1603 2248 diem

316 2281 454 2320 foetore
483 2277 660 2318 defensus
687 2277 824 2316 latuit:
857 2278 969 2315 noete
998 2273 1211 2314 carbonarii
1235 2272 1367 2311 habitu
1397 2271 1601 2318 indutum,

316 2341 548 2381 carbonibus
574 2339 750 2378 onustum
782 2338 923 2377 alinum
954 2349 1027 2387 prae
1057 2334 1095 2375 se
1123 2346 1231 2384 agere
1263 2332 1392 2381 jullit3
1420 2329 1495 2381 ipsa
1525 2329 1603 2367 mi-

315 2405 419 2444 nime
454 2403 570 2454 longo
597 2400 797 2442 intervallo
827 2401 865 2439 in
897 2400 1034 2439 lectica
1068 2395 1331 2442 antecedebat.
1379 2395 1479 2433 Cum
1504 2402 1603 2437 ven-⁴

361 2523 385 2569 §
409 2510 548 2559 XLVII.
574 2523 652 2562 Val.
680 2521 776 2556 Max.
801 2520 948 2563 Appiam
