1685 3042
359 223 416 271 32
518 199 1544 255 JO.FRE1NSHEM115UPPLEM.

356 313 481 363 longis
509 313 669 352 navibus
703 313 874 364 praefidio
901 312 975 352 efl'e
1008 313 1187 353 onerariis
1212 313 1390 362 jusserat,
1421 315 1637 366 graviffimo

353 374 545 426 propofito
570 375 714 423 εάἰὲὶο,
738 388 825 414 curn
850 375 1065 425 ignominia
1094 375 1346 415 dimittendos
1372 376 1531 416 censuit.
1551 378 1640 417 Erat

353 437 455 475 enim
479 435 645 476 militum
661 436 814 476 suorum
839 436 1130 483 amantissimus,
1159 437 1255 476 adeo
1281 446 1342 484 ut,
1359 439 1484 475 audita
1511 440 1558 477 P.
1579 439 1640 477 Ti-

353 500 440 537 turii
472 499 596 547 clade,
619 498 805 552 submlstffi
833 499 973 537 barbam
1004 499 1234 551 capillumque
1274 499 1455 547 dicatur,
1485 514 1544 538 nec
1575 501 1643 550 nzst

347 561 426 614 post
445 561 634 598 vindiae‘lam
651 559 810 612 pofiziffe.
841 560 908 599 Per
933 572 998 598 eos
1024 559 1104 598 dies
1121 589 1132 607 ‚
1157 559 1225 598 sub
1253 560 1429 598 occasum
1461 561 1641 611 Vergilia.

354 634 439 660 rum
465 634 522 660 res
542 623 638 660 mira
662 620 803 659 accidit
824 621 863 659 in
884 622 1021 661 castris.
1054 621 1167 660 Pauci
1189 620 1384 661 habebant
1405 634 1453 662 ex
1472 621 1640 672 pellibus

353 683 541 722 tentoria:
563 683 754 721 nec'enim
779 683 919 732 portari
941 696 987 721 ex
1001 682 1130 722 Sicilia
1143 683 1377 733 quidquam,
1393 693 1525 734 praeter
1541 685 1641 735 ipsos

352 741 495 781 milites
515 745 548 781 ἃ
570 754 674 780 arma
689 771 700 790 ‚
729 742 848 781 Caesar
869 752 949 781 erat
972 742 1116 792 pafl'u33
1144 755 1270 792 neque
1296 758 1426 794 parare
1451 747 1490 783 in
1513 745 1641 784 Africa

354 812 582 852 potuerant,
612 803 716 853 quod
741 810 821 840 tota
847 803 967 842 ferme
990 803 1096 853 regio
1121 802 1168 841 ab
1199 803 1368 844 hostibus
1392 815 1457 845 aut
1483 806 1640 846 teneba-

352 874 434 911 tur,
473 876 538 903 aut
561 866 754 904 exinanita
782 865 1007 915 direptaque
1032 865 1168 904 fuerat.

414 925 566 964 XXIII.
600 925 770 975 Plerique
797 926 1020 964 vestimenta
1053 927 1316 977 tetenderant,
1344 935 1460 979 atque
1486 930 1642 970 arundi-

355 986 469 1026 nibus
501 987 698 1037 scopisque
726 989 916 1027 contextis
946 996 1141 1038 utcunque
1169 988 1207 1027 se
1234 990 1427 1040 tegebant.
1471 992 1547 1032 Sed
1571 993 1641 1031 cir-

356 1049 450 1087 citer
478 1048 683 1086 secundam
706 1048 899 1099 vigiliam,
923 1057 1078 1089 exortus
1094 1062 1183 1089 cum
1206 1052 1388 1101 grandine
1411 1054 1534 1093 imber
1560 1064 1641 1093 ten<

355 1111 453 1149 toria
481 1111 602 1148 nimio
635 1111 805 1160 pondere
825 1112 951 1162 rupit,
980 1120 1047 1160 ut,
1069 1113 1259 1152 exstinctis
1288 1115 1459 1164 ignibus,
1479 1117 1641 1166 itempe-

355 1172 408 1210 sta
436 1173 549 1209 nocte
562 1170 700 1209 milites
727 1184 793 1221 per
812 1172 926 1211 castra
941 1181 1189 1222 vagarentur,
1214 1173 1311 1213 nihil
1335 1174 1519 1214 habentes
1546 1189 1643 1226 prae·

352 1241 411 1271 ter
424 1231 526 1270 scuta
542 1262 553 1279 ,
572 1232 708 1281 quibus
737 1232 861 1282 capita
888 1241 1146 1282 contegerent.
1165 1234 1309 1273 Eadem
1333 1238 1448 1275 noete
1472 1235 1639 1287 pilorum

357 1293 498 1343 quintae
525 1292 685 1342 legionis
718 1293 892 1343 cuspides
918 1295 1047 1333 ardere
1071 1294 1165 1334 visae.

417 1355 567 1396 XXIV.
612 1355 740 1405 Scipio
765 1357 861 1394 inter
895 1355 976 1395 haec
1009 1356 1137 1395 multis
1169 1357 1311 1396 nuntiis
1337 1358 1478 1407 Jubam
1505 1373 1642 1400 evoca-

356 1418 447 1467 bat,
479 1420 801 1468 cunctantemque
819 1420 912 1457 omni
940 1419 1116 1469 promissa
1140 1419 1299 1471 Africa,
1321 1435 1391 1473 qua
1411 1424 1565 1461 Romani
1582 1425 1643 1476 ju-

356 1484 408 1521 ris
443 1482 543 1533 fft,
572 1483 764 1531 permovit
791 1482 972 1529 tandem,
995 1491 1037 1520 ut
1062 1494 1153 1520 cum
1184 1482 1305 1521 tribus
1335 1482 1572 1534 legionibus,
1602 1487 1641 1525 ἅτ

356 1544 553 1595 equitibus
578 1544 733 1583 frenatis
763 1546 984 1596 octoginta,
1014 1558 1230 1595 magnoque
1251 1546 1507 1586 Numidarum
1535 1549 1642 1598 equi-

357 1615 442 1646 tum
474 1609 510 1646 ἃ
537 1606 628 1645 levis
657 1614 856 1644 armaturae
886 1618 1066 1653 numero,
1090 1618 1134 1645 ac
1167 1607 1319 1657 triginta
1348 1607 1560 1658 elephantis
1585 1622 1641 1648 re-

356 1681 433 1719 gno
464 1667 730 1717 egrederetur3
768 1666 910 1706 Sabura
941 1679 1030 1706 eum
1063 1675 1168 1717 parte
1213 1670 1399 1708 exercitus
1427 1680 1560 1710 contra
1586 1672 1642 1711 Si-

353 1732 455 1769 tium
476 1728 630 1777 relicto,
654 1729 717 1778 qui
741 1741 860 1779 nuper
884 1728 1078 1768 castellum
1109 1732 1218 1770 omni
1237 1744 1361 1771 rerum
1388 1734 1500 1784 copia
1529 1733 1640 1774 locu·

355 1792 438 1844 ples
467 1793 515 1831 de
536 1805 624 1841 rege
650 1801 812 1841 ceperat.
845 1791 932 1840 Ejus
965 1793 1131 1832 adventu
1157 1793 1278 1833 Caesar
1303 1795 1446 1834 confilii
1472 1796 1524 1835 sui
1557 1797 1641 1847 ple-

355 1868 451 1894 num
481 1855 644 1893 fructum
672 1854 787 1893 tulit:
813 1868 902 1894 cum
933 1857 1036 1895 enim
1065 1856 1170 1896 haud
1201 1857 1336 1908 procul
1361 1859 1549 1908 Scipionis
1578 1872 1639 1900 ca-

356 1917 438 1956 stris
464 1916 613 1955 seorslm
642 1915 889 1963 consedisset,
912 1917 1020 1957 simul
1041 1931 1087 1957 ex
1110 1920 1326 1970 propinquo
1356 1920 1450 1959 vires
1477 1923 1558 1970 ejus
1575 1935 1640 1962 co·-

357 1979 489 2031 gnosci
510 1987 686 2029 potuere,
711 1989 835 2017 metus
859 1979 1098 2027 Julianorum
1119 1980 1244 2020 versus
1259 1982 1296 2018 in
1317 1991 1556 2021 contemtum
1573 1983 1636 2022 est.

355 2040 525 2092 Scipioni
557 2050 685 2079 tamen
720 2041 836 2079 crevit
861 2041 1031 2090 animm,
1056 2052 1096 2081 ut
1131 2043 1310 2082 instruere
1339 2047 1573 2094 exercitum,
1601 2048 1637 2085 Sc

355 2103 472 2154 paulo
494 2103 644 2153 longius
664 2102 771 2141 asuis
798 2103 1071 2142 munitionibus
1089 2105 1271 2154 progredi
1294 2107 1465 2145 auderet.
1488 2110 1535 2147 At
1558 2108 1639 2147 Cae.

356 2165 438 2210 sar,
459 2179 536 2203 non
564 2165 663 2204 facla
686 2165 870 2214 potestate
886 2167 1108 2216 pugnandi,
1131 2180 1246 2217 opera
1270 2167 1333 2206 sua
1359 2170 1640 2219 promovebat,

360 2228 485 2266 donec
509 2226 555 2265 ab
574 2226 813 2276 adversariis,
833 2237 1023 2278 occupato
1041 2230 1218 2279 proximo
1235 2229 1335 2269 colle
1348 2260 1358 2278 ,
1381 2243 1537 2281 pergere
1551 2244 1642 2282 pro-

360 2287 562 2327 hiberetur.

418 2350 545 2390 XXV.
577 2350 651 2390 Sed
679 2349 787 2389 collis
813 2351 847 2389 vi
882 2360 1053 2402 receptus
1084 2352 1156 2402 est,
1188 2352 1340 2395 decusso
1365 2353 1521 2394 Labieni
1549 2366 1640 2404 prae-

411 2469 430 2513 Ε
458 2471 735 2505 XX11.P1ut.in
772 2474 854 2507 Caes.
883 2486 911 2507 c.
941 2486 1005 2510 22·-
991 2476 1144 2509 Austor
1175 2477 1214 2510 de
1243 2479 1278 2510 B.
1302 2478 1406 2511 Afric.
1436 2479 1577 2514 Sueten.
1600 2490 1639 2515 m

368 2505 451 2547 Cis.
474 2527 502 2550 c.
528 2520 582 2559 ⁶7·
607 2517 776 2562 §xxm
797 2519 877 2556 Dio.
906 2521 1033 2557 AuCtor
1055 2522 1148 2557 ‹leB.
1168 2522 1277 2559 Afric
1300 2524 1388 2559 llut.
1411 2523 1497 2559 Caei.
