1685 3042
297 161 392 227 '328
459 162 550 210 JO.
604 163 1104 216 FREINSHEMH
1140 168 1500 218 SUPPLEM.·

301 268 433 308 stodiis
470 270 609 320 positis.
651 270 802 312 Idcirco
840 274 987 327 miseri,
1013 288 1080 326 per
1104 275 1243 316 urbem
1270 278 1306 316 ἃ
1338 285 1428 317 ante
1455 291 1584 319 muros

296 331 457 372 herbam
487 333 699 382 vellentes,
731 344 796 375 aut
823 335 1025 384 frondem,
1050 336 1274 387 agminatim
1309 338 1585 387 moriebantur,

298 395 335 432 ὅ(
356 393 542 434 altiffimis
577 395 763 446 specubus
794 398 1064 446 injiciebantur
1091 399 1303 447 cadavera,
1326 411 1375 438 ne
1397 399 1526 439 relidta
1548 403 1585 447 ὃς

296 456 512 505 putrefadta
538 458 692 497 morbos
719 459 940 509 gignerent,
967 469 1133 498 cremata
1159 473 1340 509 rogorum
1371 460 1587 500 multitudi-

297 529 348 555 ne
388 518 650 559 necessitatem
683 519 915 559 obsessorum
942 519 1146 569 proderent
1172 521 1352 563 hostibus.

350 581 474 621 XVII.
507 583 583 622 Sed
608 585 650 622 in
677 583 753 621 hoc
785 584 878 622 statu
911 582 984 622 sisti
1015 596 1095 622 non
1119 591 1269 637 poterat
1309 586 1385 625 diu.
1423 585 1585 626 rursum-⁷

299 655 374 692 que
404 643 622 693 rogantibus
650 643 864 691 militibus,
900 652 945 682 ut
974 644 1184 695 pugnando
1217 647 1344 695 potius
1374 648 1580 698 caderent,

297 707 434 744 annuit
456 706 592 745 Lucius
608 736 621 752 ,
644 720 830 754 monens,
852 718 915 744 aut
941 707 1178 759 abstinendum
1199 710 1383 748 certamine
1398 739 1410 758 ,
1435 723 1499 749 aut
1517 713 1586 763 nist

296 768 484 807 viHoribus
506 783 573 806 non
596 771 838 809 revertendum.
869 768 1139 809 Acclamarunt
1162 781 1298 811 omnes
1329 773 1497 824 cupide,
1523 775 1586 822 &,

295 842 348 868 ne
377 841 458 867 nox
487 831 681 878 ignaviam
713 830 930 881 aliquorum
958 839 1133 881 tegeret,
1160 834 1259 871 educi
1285 834 1381 872 clara
1406 835 1479 872 luce
1505 847 1582 884 po-

295 891 494 931 stularunt.
532 892 650 943 Igitur
684 893 861 932 omnibus
892 900 936 932 ut
974 893 1023 932 ad
1057 891 1239 933 ultimum
1275 903 1457 934 conatum
1487 894 1586 935 sum-

279 992 283 997 „
296 965 361 991 ma
393 965 481 991 cura
507 954 750 1006 praeparatis,
770 965 858 992 cum
882 952 1139 992 instrumentis
1167 955 1202 993 ἃ
1229 953 1339 993 scalis
1360 955 1472 993 variae
1503 954 1583 993 for·

296 1027 368 1053 mae
396 1014 565 1053 instruCti
586 1025 673 1052 ante
697 1014 825 1053 lucem
852 1013 1109 1064 egrediuntur.
1148 1015 1318 1054 Aderant
1337 1017 1372 1055 &
1393 1014 1583 1055 machinae

296 1074 541 1124 complendis
571 1075 676 1115 foffis
701 1086 828 1125 aptae,
847 1085 968 1115 turres
993 1075 1182 1126 plicatiles
1197 1108 1208 1124 ‚
1228 1078 1333 1118 unde
1355 1087 1494 1128 pontes
1519 1089 1586 1117 ex-

294 1137 396 1176 trudi
428 1138 467 1174 in
507 1149 635 1175 muros
667 1136 818 1187 solent,
845 1139 881 1176 &
914 1137 1080 1178 telorum
1106 1141 1233 1179 omnis
1263 1140 1414 1190 generis
1443 1153 1581 1190 magna

294 1199 406 1249 copia
427 1228 437 1245 ‚
469 1197 556 1237 saxa
591 1198 727 1237 itidem
761 1201 797 1238 ἃ
837 1207 988 1247 crates,
1020 1213 1102 1250 quae
1142 1200 1263 1251 palis,
1292 1203 1434 1241 circum
1466 1213 1582 1252 opera

295 1263 452 1309 erectis,
474 1263 732 1310 injicerentur.
781 1263 876 1303 Haec
909 1276 998 1302 cum
1027 1277 1169 1313 magno
1202 1264 1369 1304 militum
1396 1264 1476 1304 nisu
1509 1265 1585 1304 ad-

294 1332 566 1370 moverentur,
605 1323 699 1362 foffa
732 1324 949 1374 completa,
980 1323 1233 1375 superatoque
1269 1325 1393 1373 vallo,
1419 1326 1468 1364 ad
1501 1340 1583 1365 mu-

295 1395 381 1422 rum
405 1382 614 1433 transgressi
629 1414 638 1430 ,
675 1383 865 1423 suffodere
895 1384 997 1423 hunc
1013 1415 1024 1431 ‚
1047 1384 1108 1424 alii
1133 1384 1240 1424 scalis
1273 1394 1388 1436 atque
1418 1387 1581 1426 turribus

293 1447 462 1484 admotis
485 1445 749 1484 transcendere
775 1446 1020 1488 nitebantur:
1046 1449 1082 1486 ἃ
1103 1459 1191 1486 curn
1213 1447 1365 1486 diverfis
1387 1447 1480 1487 locis
1499 1448 1581 1488 haec

294 1507 455 1554 fierent,
481 1506 840 1556 pro-pugnantesque
873 1506 1102 1546 clamoribus
1136 1509 1292 1558 incertis
1327 1509 1580 1548 distraheren-

291 1577 377 1618 tur,
404 1579 542 1619 pontes
569 1568 710 1618 alicubi
738 1570 777 1606 in
799 1582 949 1607 murum
978 1569 1110 1617 injeaesti
1144 1568 1256 1618 sunt,
1284 1570 1488 1621 paucisque
1514 1584 1580 1610 oc-

294 1629 402 1676 cifis,
435 1629 579 1679 reliqua
610 1628 818 1668 multitudo
850 1629 1087 1679 sequebatur.

349 1691 492 1731 XVIII.
515 1691 603 1730 Erat
627 1690 741 1742 plane
762 1704 817 1730 res
839 1691 1098 1731 obfidentibus
1129 1694 1168 1731 in
1203 1692 1419 1732 discrimine
1442 1695 1477 1733 δε
1500 1707 1581 1734 me-

293 1763 355 1795 tu:
387 1753 451 1793 sed
483 1755 570 1804 quia
597 1767 700 1793 raros
725 1754 902 1794 admoliri
934 1763 1070 1805 pontes
1099 1754 1233 1794 obfeffi
1262 1766 1490 1806 potuerant,
1516 1758 1581 1796 fa-

293 1815 367 1855 cile
398 1815 596 1854 occursum
625 1815 700 1862 est,
726 1815 973 1855 strenuistimo
1001 1829 1153 1867 quoque
1179 1818 1227 1856 ad
1256 1817 1497 1857 defendenda
1521 1818 1579 1858 lo-

293 1891 340 1917 ca
367 1878 563 1929 opposito,
592 1891 674 1927 quae
702 1877 909 1928 plurimum
937 1878 1181 1929 urgebantur.
1219 1879 1337 1929 Igitur
1369 1882 1574 1920 Antoniani

292 1941 493 1991 defatigati
531 1953 552 1979 a
588 1940 829 1989 recentibus,
857 1954 946 1980 cum
982 1943 1098 1980 etiam
1128 1941 1245 1980 latera
1275 1941 1460 1981 haberent
1488 1943 1577 1982 icti-

290 2002 362 2041 bus
395 2001 586 2051 exposita,
613 2002 742 2050 rejecti
771 2000 883 2049 sunt,
909 2001 1092 2052 scalaeque
1122 2005 1158 2043 δε
1185 2011 1304 2042 turres
1329 2016 1460 2042 eorum
1485 2016 1577 2042 con-

289 2064 430 2102 fraerae.
477 2063 536 2102 Ne
559 2070 641 2102 tum
671 2063 828 2116 quidem
855 2063 1112 2103 abstinuerunt
1148 2077 1296 2115 pugna,
1339 2078 1572 2116 quamquam

291 2138 341 2165 ex
365 2124 557 2174 superiore
578 2124 667 2163 loco
702 2126 858 2174 impune
880 2125 1187 2173 vulnerarentur,
1209 2125 1333 2165 donec
1349 2125 1485 2165 Lucius
1500 2127 1573 2164 mi-

285 2185 405 2224 sertus
439 2187 599 2225 nimium
625 2186 660 2224 ὃ(
684 2185 859 2226 inutilem
896 2185 1094 2233 laborem,
1133 2185 1278 2236 signum
1309 2187 1479 2236 receptui
1508 2186 1573 2225 de-

288 2250 354 2288 dit.
387 2249 461 2289 Sed
489 2261 537 2287 ne
566 2248 615 2287 fic
639 2249 794 2299 quidem
824 2262 889 2288 eos
915 2248 1075 2288 deseruit
1102 2251 1312 2288 animorum
1344 2248 1573 2298 obstinatio,

288 2312 404 2361 quin,
428 2309 558 2361 plausu
583 2310 748 2350 hostium
773 2309 1040 2351 exsultantium
1066 2313 1224 2357 irritati,
1248 2310 1480 2349 resumerent
1495 2310 1571 2352 scs⁴

284 2372 362 2419 las,
386 2374 444 2420 Sc,
473 2378 706 2423 quamquam
728 2374 831 2412 irrito
854 2374 1027 2424 incepto,
1050 2375 1086 2412 in
1109 2384 1270 2412 mortem
1289 2375 1412 2423 potius
1430 2405 1440 2421 ‚
1456 2371 1591 2423 qualus

283 2434 461 2487 proelium
490 2443 649 2474 ruerent.
690 2436 735 2476 Et
764 2437 945 2476 exorandi
970 2437 1121 2475 fuerunt
1147 2437 1394 2486 imperatori,
1430 2445 1471 2475 ut
1494 2437 1563 2488 ser

280 2513 361 2538 vare
389 2499 511 2550 potius
535 2499 646 2538 vitam
661 2528 674 2545 ,
699 2513 800 2553 quam
814 2499 990 2552 prodigere
1013 2499 1241 2552 nequidquam
1274 2498 1413 2537 vellent,
