1685 3042
317 188 408 236 170
472 174 565 223 JO.
599 176 1128 229 FREINSHEMII
1163 181 1551 275 SUPPLEMsss

308 278 367 319 sar
394 293 471 320 non
497 282 720 325 interfuerat
744 299 883 336 pugnae
909 286 964 326 illi
999 289 1180 338 quidem,
1213 289 1278 330 sed
1305 300 1435 333 tamen
1466 294 1583 334 eastra

308 341 516 383 multarum
543 344 739 397 legionum
768 351 900 399 paucis
927 349 1146 391 cohortibus
1173 362 1339 403 tutatus,
1362 369 1584 407 oppugnan-

306 407 365 441 tes
386 405 588 455 repulerat.
612 408 687 448 Sed
703 425 720 446 e
732 409 857 461 proelio
866 410 998 463 fhgg'ffb
1024 427 1119 460 eum,
1137 414 1324 454 Antonius
1347 415 1512 467 scripsit,
1535 432 1580 456 ac

292 465 373 514 fine
401 467 649 519 paludamento
676 485 826 522 equoque
854 473 934 524 post
960 473 1101 513 biduum
1135 477 1267 513 demum
1294 478 1487 530 apparuff
1503 494 1514 516 .·
1541 479 1580 517 &

300 525 406 566 velut
426 529 639 570 testimonio
660 531 902 571 >consentiens
927 546 996 584 per
1013 547 1080 574 eos
1103 536 1183 575 dies
1200 536 1326 587 fama,
1344 540 1454 593 ipffim
1474 540 1581 579 etiam

296 589 451 641 cecidiffi’
466 622 478 639 ,
503 592 685 643 vulgavit.

349 651 452 690 XIV.
484 654 555 693 His
590 654 710 693 tribus
737 654 878 704 proeliis
908 655 1028 694 ferme
1059 657 1219 697 dimidia
1249 658 1420 700 militurn.
1449 663 1570 701 utrin-

292 724 368 760 que
388 725 472 762 pars
499 715 665 764 interiit,
688 729 776 755 cum
808 725 889 757 tota
913 718 1074 757 cohorte
1102 722 1275 769 praetoria
1305 722 1481 763 Caesaris:
1517 737 1569 764 ex

290 771 478 812 Hirtianis
506 774 609 814 haud
638 778 798 826 perinde
834 777 944 816 multi
977 779 1211 821 ceciderunt.
1257 781 1355 821 Cum
1380 783 1421 821 in
1450 785 1568 824 castra

289 833 356 874 sua
392 849 525 876 omnes
563 838 785 888 rediiffent,
823 842 991 880 Antonio
1028 843 1227 883 decretum
1261 854 1341 883 erat
1377 845 1570 886 abstinere

289 897 461 948 proeliis,
482 913 613 951 urgere
636 901 898 949 obfidionem,
923 905 960 942 Sc
982 904 1179 953 equitatu,
1209 918 1283 956 qua
1305 919 1412 956 parte
1433 907 1570 950 virium

284 959 540 1008 praevalebat,
565 961 732 1001 hostIbus
755 965 957 1012 negotium
976 964 1156 1004 facessere
1171 997 1184 1012 ,
1214 967 1341 1007 donec
1367 968 1568 1009 confestus

286 1019 392 1059 fame
416 1022 551 1061 Brutus
577 1024 815 1063 deditionem
838 1024 962 1063 facere
985 1035 1192 1076 cogeretur.
1221 1028 1298 1068 Sed
1322 1030 1459 1068 eadem
1481 1042 1572 1070 cau-

283 1080 325 1120 sa
368 1082 517 1122 diversis
557 1084 718 1124 ducibus
752 1085 1031 1126 festinationem
1067 1087 1258 1129 suadebat.
1297 1090 1446 1130 Idcirco
1481 1093 1569 1133 fru-

283 1145 355 1184 stra
379 1144 511 1196 saepius
531 1145 638 1185 hoste
662 1146 832 1187 laceffito
849 1179 860 1196 ,
899 1162 972 1199 qua
1002 1158 1107 1200 parte
1139 1152 1293 1192 Mutina
1325 1163 1482 1204 propter
1509 1155 1569 1195 lo.

283 1218 419 1247 corum
458 1216 633 1248 naturam
675 1209 802 1249 claudi
837 1213 965 1250 minus
998 1221 1200 1261 potuerat,
1231 1227 1474 1266 perrumpere
1501 1230 1569 1256 co-

282 1269 387 1318 nati,
414 1283 502 1309 cum
531 1271 721 1311 Antonius
755 1271 854 1312 solos
882 1275 1031 1323 equites
1063 1274 1255 1323 emisisset,
1289 1278 1462 1327 equitatu
1495 1279 1565 1320 suo

283 1331 347 1372 his
379 1333 583 1383 oppofito,
618 1342 660 1373 ut
690 1334 954 1384 instituerant,
989 1337 1184 1378 Mutinam
1223 1350 1312 1378 cum
1345 1340 1565 1392 legionibus

285 1396 342 1435 ire
371 1403 630 1445 perrexerunt.

336 1458 422 1497 XV.
448 1458 551 1499 Tum
578 1471 667 1497 vero
692 1458 903 1507 Antonius,
921 1461 1149 1502 omittendae
1171 1463 1330 1504 Mutinae
1352 1474 1457 1504 metu
1474 1495 1484 1513 ‚
1507 1464 1565 1505 le-

279 1523 415 1572 giones
447 1521 542 1560 duas
567 1521 778 1572 produxit:
807 1522 970 1571 reliquas
996 1537 1044 1562 ex
1069 1525 1151 1563 aliis
1179 1526 1304 1565 castris
1330 1528 1442 1567 acciri
1472 1541 1565 1578 pro-1

277 1582 498 1634 perejuffit.
530 1584 577 1622 At
600 1583 748 1623 Hirtius
775 1585 810 1623 ἃ
831 1583 974 1631 Caesar,
998 1586 1137 1636 cupide
1162 1588 1318 1638 aggreffi
1342 1589 1560 1641 instructos,

278 1644 497 1698 priusquam
522 1644 721 1685 subvenire
751 1644 814 1684 alii
843 1645 1017 1696 poffent‚
1043 1658 1201 1697 egerunt
1228 1650 1267 1688 in
1295 1649 1439 1701 fugam.
1470 1652 1561 1692 Hir.

278 1710 380 1754 tius,
411 1720 500 1747 curn
527 1707 680 1747 Antonii
709 1707 851 1746 vallum
878 1706 1103 1759 superasset,
1129 1712 1229 1750 circa
1257 1713 1445 1763 principia
1479 1727 1561 1764 pu-

278 1782 398 1819 gnans
422 1769 642 1809 interfectus
677 1769 749 1818 est3
775 1779 908 1818 quarta
941 1768 1066 1820 legio,
1093 1784 1206 1821 quam
1237 1771 1302 1811 ille
1326 1772 1452 1812 secum
1482 1773 1561 1814 ha-'

276 1829 436 1877 buerat‚
463 1843 483 1869 a
500 1831 631 1881 quinta
652 1832 803 1871 Antonii
829 1845 937 1882 paene
962 1840 1043 1872 tota
1069 1833 1231 1872 concisa.
1257 1834 1316 1874 lbi
1339 1834 1481 1882 Caesar,
1505 1836 1557 1875 ad

275 1906 391 1944 quem
414 1895 492 1941 jam
527 1893 673 1933 summa
702 1907 826 1934 rerum
856 1896 1040 1944 redierat,
1067 1896 1224 1935 consilio
1253 1910 1444 1948 manuque
1468 1898 1559 1938 infi-

276 1955 358 2005 gnis
385 1957 560 2005 apparuit
587 1970 652 2006 per
675 1957 827 2005 omnia;
852 1968 1085 2009 receptoque
1100 1960 1218 1999 Hirtii
1241 1973 1421 2011 corpore,
1437 1962 1558 2002 etiam.

272 2017 390 2058 castra
410 2019 567 2058 Antonii
595 2018 1043 2072 occupata-aliquamdiu
1071 2021 1202 2059 tenuit.

322 2079 431 2122 XVI.
466 2080 540 2121 Sed
575 2081 690 2131 paulo
717 2081 799 2131 post
823 2081 968 2121 summa
994 2083 1032 2120 vi
1058 2082 1236 2121 connisus
1269 2085 1457 2124 Antonius
1473 2087 1550 2134 eje..

272 2141 326 2181 cit
358 2140 527 2189 hostem,
561 2143 775 2194 multosque
806 2143 1102 2185 Caesarianorum
1133 2145 1305 2186 occidit:
1345 2160 1422 2197 quo
1450 2156 1549 2187 tem-

270 2213 366 2252 pore
383 2201 502 2241 Caesar
521 2202 706 2252 aquilam,
728 2217 749 2242 a
770 2204 956 2244 moriente
974 2205 1171 2255 aquilifero
1191 2207 1365 2246 traditam
1381 2237 1393 2254 ‚
1415 2207 1550 2247 hume.

267 2262 318 2302 ris
342 2262 478 2311 subiit,
504 2263 582 2315 ipse
613 2278 764 2316 quoque
794 2275 974 2306 cruentus
999 2268 1035 2306 ἃ
1058 2265 1226 2315 saucius;
1255 2269 1291 2307 ἃ
1313 2277 1420 2307 tanto
1443 2282 1550 2320 porr-2

311 2397 334 2441 S
359 2398 451 2433 XIII.
477 2398 552 2431 Liv.
581 2399 670 2441 Epit.
693 2399 774 2432 Dio.
804 2400 875 2435 Cic.
902 2401 989 2434 Phil.
1022 2411 1085 2441 ¹4,
1109 2401 1126 2433 S
1144 2427 1153 2440 ,
1180 2411 1218 2432 ιο
1252 2401 1285 2434 &
1322 2413 1369 2438 η.
1403 2402 1431 2445 5
1454 2403 1551 2436 XIV.

276 2441 417 2475 Sueton.
436 2443 469 2474 in
494 2445 548 2475 Au
573 2467 580 2474 .
599 2455 627 2476 c.
657 2455 704 2477 ιο.
725 2445 799 2477 Cic.
823 2446 976 2478 familiar.
1003 2455 1062 2485 ιο,
1090 2456 1142 2489 33.
1166 2446 1306 2480 sueton.
1330 2446 1351 2495 §
1374 2447 1449 2483 XV.
1467 2447 1549 2483 Dio.

274 2485 419 2532 Appian.
444 2487 516 2522 Cic.
559 2489 697 2523 amiliar.
727 2500 763 2523 ιο
781 2514 790 2530 ,
819 2501 871 2534 33.
896 2491 1038 2523 Sueton-
