1685 3042
267 237 345 283 IN
391 196 560 279 roc.
599 231 732 276 ΜΒ.
770 229 942 275 cxvii
993 229 1137 277 mv.
1257 237 1340 295 ης

66 344 139 397 fita
163 343 294 395 quietos
322 340 434 391 jussit.
467 339 521 378 Ita
544 349 610 387 per
638 334 914 385 Neapolitanos
943 333 1036 373 fines
1062 336 1279 384 profectus,
1306 337 1348 378 in

69 405 201 445 villam
224 403 388 454 Philippi
411 400 560 445 vitrici,
589 400 625 438 Sc
651 410 741 436 cum
767 410 814 434 eo
841 397 889 435 ad
915 396 1140 435 Ciceronem
1157 428 1167 445 ‚
1197 400 1239 437 in
1269 399 1344 438 Cu-

72 479 188 505 mano
215 464 280 504 suo
313 469 511 513 agentem,
543 458 658 498 venit.
694 459 730 497 ἀ
768 455 882 495 facile
916 455 1140 495 consensum
1167 458 1218 496 est
1252 459 1349 499 inter

72 529 168 578 hos,
193 537 260 575 ut,
286 534 458 565 mutuam
485 523 550 563 fibi
581 535 738 573 operam
772 519 1067 571 pollicerentur:
1101 519 1222 559 Caesar
1249 523 1349 562 ado-

68 592 212 632 lescens
238 588 401 628 militum
429 587 553 626 studio
581 585 750 632 firmior,
782 583 845 623 sed
869 582 1023 622 urbanae
1045 584 1129 633 opis
1150 583 1349 635 indigens,

70 653 301 700 Patrumque
326 648 497 688 favorem
531 647 738 696 adjungere
763 644 950 694 cupidus,
975 656 1069 693 quos
1092 643 1225 683 Cicero
1251 658 1350 685 unus

71 714 247 753 omnium
267 711 434 750 maxime
458 709 637 748 facundia
655 710 690 748 &
715 707 938 746 auctoritare
962 706 1260 755 moderabatur3
1290 708 1355 747 Ci-

69 775 201 816 ceroni
236 773 395 813 viciffim
433 770 608 810 adversus
646 782 752 808 arma
790 769 942 809 Antonii
978 760 1091 808 armis
1118 778 1197 808 erat
1225 784 1350 820 opus,

70 838 209 888 quibus
237 836 395 876 salutem
417 832 522 873 suam
557 832 790 873 defenderet.
841 831 991 870 Interea
1016 830 1118 869 enim
1149 832 1184 870 ὃς
1210 832 1291 871 rixa
1314 833 1351 871 ei

73 912 164 939 cum
181 898 345 939 Antonio
374 897 586 942 inciderat,
617 896 652 933 δε
673 893 794 932 multa
814 892 913 932 faeta
936 893 977 931 in
1002 892 1095 932 urbe
1116 903 1247 941 erant,
1268 907 1352 944 quae

68 973 196 1002 rerum
215 968 335 998 totam
363 959 503 997 faciem
528 955 722 1005 inligniter
742 962 1036 994 commutarent.

121 1029 205 1069 VII.
222 1023 377 1078 Quippe
404 1028 461 1066 M.
484 1028 670 1067 Antonius
685 1055 696 1073 ‚
717 1026 766 1064 ad
793 1024 977 1075 quaelibet
1005 1023 1163 1063 consilia
1188 1025 1346 1074 perinde

70 1090 221 1138 facilis,
250 1091 343 1129 mire
375 1088 558 1128 miscebat
583 1088 674 1127 boni
712 1087 879 1136 malique
912 1087 1005 1125 civis
1030 1087 1199 1134 indicia,
1228 1087 1350 1125 multa

72 1164 94 1191 e
119 1150 340 1202 republica,
371 1149 495 1189 multa
516 1155 648 1187 contra
675 1148 835 1191 patriam
859 1147 1097 1194 faftitand03
1131 1149 1166 1186 ἀ
1191 1147 1349 1186 viciffim

73 1212 133 1250 his
156 1206 305 1255 illisque
333 1216 441 1243 carus
469 1211 534 1242 aut
563 1202 715 1241 invisus.
749 1203 822 1242 Sed
853 1213 937 1245 tum
965 1208 1041 1246 acri
1074 1209 1198 1247 studio
1227 1221 1353 1259 parcet.

71 1269 174 1307 tueri
196 1266 441 1317 optimatium
465 1264 676 1304 videbatur.
703 1264 858 1314 Quippe
880 1265 921 1301 de
939 1268 1132 1303 revocando
1145 1267 1230 1304 Sex.
1245 1268 1353 1305 Pom-

64 1329 148 1384 pejo
175 1329 354 1368 retulerat
372 1358 382 1376 ,
408 1340 511 1380 utque
533 1341 596 1380 pro
615 1327 773 1378 paternis
797 1327 828 1364 ei
853 1325 955 1363 bonis
976 1325 1194 1377 quingenties
1213 1328 1255 1365 de
1281 1342 1352 1379 pu-

71 1393 160 1432 blico
179 1393 342 1430 daretur.-
367 1402 469 1440 utque
497 1387 606 1425 maris
627 1387 801 1439 imperium
830 1386 861 1424 ei
879 1385 1130 1433 concederetur,
1161 1387 1263 1437 quale
1282 1402 1352 1436 pau

71 1467 124 1494 ter
143 1453 320 1506 babufft.
356 1451 420 1492 Ob
445 1450 527 1490 haec
557 1449 796 1489 collaudatus
814 1460 834 1485 a
853 1446 1038 1485 Cicerone
1055 1447 1089 1485 8<
1113 1445 1265 1495 reliquis
1281 1447 1348 1486 Pa..

69 1515 216 1563 tribus,
245 1527 334 1553 cum
361 1511 547 1552 infensam
579 1509 720 1549 habere
746 1507 901 1559 plebem
932 1507 1148 1553 videretur,
1182 1507 1352 1546 aurstori-

71 1585 150 1616 tate
179 1576 329 1616 senatus
367 1581 556 1613 armatum
593 1582 816 1620 comparare
853 1568 1067 1618 praelidium
1104 1568 1233 1617 coepit.
1269 1581 1348 1618 quc·

71 1638 184 1678 initio
206 1636 373 1678 reversus
398 1635 446 1674 ad
476 1634 700 1684 ingenium,
727 1630 832 1670 hunc
864 1629 1055 1669 delectum
1086 1626 1268 1676 instituit,
1304 1639 1347 1668 ut

70 1712 231 1740 numero
265 1698 433 1737 militum
460 1705 575 1746 atque
612 1706 749 1745 genere
772 1690 1042 1732 formidolosus
1071 1689 1244 1729 senatum
1266 1703 1344 1729 non

71 1765 152 1813 iam
174 1775 244 1813 pro
265 1759 431 1801 Antonio
453 1790 463 1808 ‚
494 1758 558 1798 sed
581 1757 671 1806 fibi,
692 1757 825 1795 timere
847 1760 1010 1804 cogeret.

127 1831 228 1872 VIII.
242 1830 264 1878 J
268 1844 329 1870 am
348 1830 448 1868 enim
466 1827 633 1866 habebat
653 1827 702 1865 ad
718 1825 782 1865 sex
800 1823 939 1863 millia:
963 1834 1087 1872 neque
1107 1819 1345 1871 promiscue,

70 1893 139 1933 sed
165 1906 213 1932 ex
234 1893 305 1942 iis,
333 1893 399 1943 qui
425 1892 609 1931 duxerant
635 1889 810 1935 ordines,
832 1894 898 1926 aut
924 1884 1051 1935 aliquo
1077 1883 1267 1934 inligniori
1291 1884 1348 1924 fa-

71 1954 200 1992 cinore
231 1952 322 1992 clari
348 1961 479 2001 erant,
517 1950 751 2002 legebantur.
786 1947 941 1989 Senatui
977 1954 1125 1985 metum
1162 1944 1255 1983 fasso
1283 1958 1348 1983 re-

69 2013 251 2065 spondit,
273 2014 485 2066 dimifficrum
508 2014 572 2051 lzos
598 2011 685 2063 effe,
703 2010 811 2062 fimul
833 2022 935 2061 atque
956 2007 1106 2060 populus
1131 2006 1348 2059 conquieffiw.

69 2079 229 2119 Interim
260 2089 350 2115 cum
392 2079 426 2116 ἃ
458 2074 754 2115 commentarios
778 2072 935 2113 Caesaris
959 2070 1117 2109 haberet
1150 2070 1288 2116 domi,
1311 2070 1349 2109 6:

69 2140 233 2180 scribam
254 2142 336 2190 ejus
352 2139 553 2179 Faberium
578 2138 644 2177 fibi
666 2135 1062 2187 obsequentissimum,
1076 2133 1191 2186 (nam
1210 2135 1246 2172 δε
1269 2131 1350 2170 abi-

70 2212 179 2242 turus
208 2203 258 2242 ad
289 2201 429 2241 bellum
460 2201 580 2241 Caesar
606 2199 725 2239 multa
754 2199 804 2238 ad
838 2197 999 2238 Antonii
1023 2195 1221 2235 arbitrium
1252 2195 1350 2242 reje-

72 2265 204 2313 cerat)
241 2264 301 2303 his
333 2264 382 2303 ad
413 2263 677 2303 stabiliendam
706 2262 809 2301 suam
842 2260 1054 2311 potentiam
1091 2256 1348 2303 abutebatur,

69 2339 165 2378 quos
188 2325 343 2364 volebat
372 2324 420 2364 ab
448 2323 577 2364 exfilio
604 2335 786 2362 revocans
813 2336 823 2361 t
851 2320 1004 2371 regibus
1031 2314 1344 2366 civitatibusque,

68 2388 134 2428 scd
159 2391 193 2427 δε
216 2387 271 2426 sui
295 2387 454 2438 praesidii
474 2385 726 2438 primoribus,
756 2383 942 2424 beneficia
967 2381 1183 2433 dispensans
1204 2393 1213 2420 :
1238 2376 1345 2429 quos·

112 2528 137 2573 ἕ
160 2528 222 2566 vl.
249 2528 322 2563 cic.
344 2529 384 2562 ad
410 2528 515 2563 Attic.
535 2538 578 2571 4,
600 2536 652 2561 10.
677 2525 767 2560 Plut.
788 2525 823 2558 in
843 2523 914 2558 Cic.
931 2535 962 2559 c.
982 2522 1039 2568 63.
