1685 3042
258 205 338 250 IN
387 202 564 250 LOC.
606 199 747 247 LIB.
787 200 923 247 CXX
974 203 1124 251 LIV.
1260 220 1355 268 207

81 312 130 350 xis
154 310 262 349 fuiffe
287 309 528 360 persecutum
550 322 558 347 ε
585 316 754 346 ceterum
781 322 821 345 ea
845 322 975 359 quoque
1002 307 1089 347 sane
1115 311 1221 350 multa
1251 313 1361 350 caedes

69 374 176 426 fhiffi
206 373 367 419 dicitur3
401 384 523 421 neque
550 371 687 417 video,
712 369 910 419 quomodo
939 382 1026 407 eum
1055 369 1269 419 suspicione
1291 385 1362 422 ap-

80 437 284 486 petitarum
317 435 561 485 pecuniarum
587 433 773 480 liberem,
797 435 832 471 &
854 432 903 470 ob
927 445 988 471 eas
1014 432 1217 482 aliquando
1242 435 1362 475 laxati

78 499 246 537 caedibus
271 497 382 536 freni.
415 496 488 535 Sed
512 508 559 533 ne
581 496 759 534 inimicos
787 494 969 544 quidem,
995 504 1128 544 praeter
1153 506 1360 545 paternos,

77 561 113 599 ei
139 559 299 598 defuisse
325 558 470 597 constat
496 571 542 597 ex
564 570 637 605 eo,
664 557 768 607 quod
793 555 969 595 adversus
997 554 1122 605 ipsum
1147 555 1248 594 facta
1271 557 1359 595 sunt

74 620 424 667 senatusconsulta,
464 619 635 669 legiones
668 619 822 665 excitae,
856 617 944 656 urbs
983 616 1129 656 firmata
1156 617 1361 666 praesidiis,

75 683 131 720 uti
154 681 344 731 superiore
371 681 466 719 libro
494 681 676 720 vidimus.

130 743 267 783 XLIV.
295 743 392 782 Sane
421 742 590 782 Tanufiae
631 741 749 780 fidem
784 738 932 788 adjuvit
962 747 1076 788 atque
1099 738 1368 789 Philopoemcs

77 807 149 846 nis.
187 806 292 846 Uxor
320 805 382 844 illa
410 806 456 845 T.
484 805 609 853 Vinii,
633 804 695 843 hic
714 803 871 842 libertus
898 802 992 841 fuit:
1029 802 1308 851 conditumque
1324 802 1364 841 in

77 880 164 907 arca
181 897 191 916 ,
211 867 340 917 quales
370 866 569 905 codicibus
595 877 659 904 aut
686 864 875 903 servandae
906 863 1077 912 pecuniae
1105 861 1365 909 adhibentur,

78 931 120 969 in
145 929 244 968 aedes
265 929 391 967 liberti
425 928 586 968 Tanusia
619 927 817 966 transtulit.
848 927 922 966 Hic
948 925 1161 965 occultatus
1187 926 1262 973 est,
1290 926 1363 964 do·-

75 1003 149 1029 nec
177 990 310 1028 obiisse
336 989 489 1028 Vinium
528 989 703 1029 Homines
743 988 998 1027 crediderunt.
1049 986 1151 1026 Tum
1180 986 1365 1027 ludorum.

74 1051 321 1103 publicorum
349 1050 629 1090 solemnitatem
656 1059 814 1100 captans
853 1049 1039 1095 Tanusia,
1068 1061 1162 1098 quos
1200 1049 1366 1098 propin-

76 1127 240 1165 quorum
263 1117 346 1163 ejus
376 1115 533 1164 quidam
562 1113 725 1159 edebat,
762 1126 829 1163 per
856 1112 1057 1152 Octaviam
1084 1110 1249 1149 sororem
1281 1111 1363 1150 Cae-

74 1179 191 1227 saris,
215 1191 297 1228 quae
327 1176 458 1216 multis
477 1189 523 1215 eo
552 1183 725 1225 tempore
753 1174 862 1213 saluti
889 1174 989 1220 fuit,
1020 1173 1213 1220 obtinuit,
1241 1181 1283 1210 ut
1305 1173 1362 1211 so-

75 1240 134 1280 lus
152 1238 455 1280 Triumvirorum
476 1237 596 1277 Caesar
618 1237 655 1274 in
673 1235 864 1274 theatrum
890 1235 1058 1281 veniret,
1086 1246 1290 1283 arcamque
1316 1233 1360 1272 il·

74 1305 193 1344 latam
218 1304 390 1353 aperuit,
417 1301 628 1352 Caesarique
659 1313 736 1339 rem
760 1298 958 1338 indicavit.
976 1298 1045 1337 llle
1070 1297 1366 1337 miratusfidem

76 1368 112 1406 δε
143 1366 341 1416 ingenium
382 1377 546 1410 eorum,
581 1364 644 1413 qui
680 1363 893 1401 commenti
932 1373 1010 1399 rem
1054 1359 1153 1398 hanc
1187 1359 1361 1408 fuerant,

72 1428 300 1478 silentioque
319 1434 494 1466 texerant
509 1459 520 1475 ,
546 1426 821 1476 impunitatem
850 1422 1031 1462 conceffit
1052 1423 1255 1461 omnibus:
1276 1421 1364 1461 Phi-

74 1492 336 1543 lopoemenem
357 1490 446 1539 quin
469 1489 583 1526 etiam
606 1487 731 1536 postea
760 1484 918 1535 equestri
941 1484 1126 1534 dignitate
1150 1484 1360 1522 decoravit.

130 1554 250 1593 XLV.
282 1551 425 1591 Servati
453 1549 539 1587 sunt
561 1548 675 1586 etiam
699 1547 838 1585 eodem
862 1553 1035 1594 tempore
1056 1544 1185 1594 plures
1207 1544 1365 1594 proscri-

74 1624 231 1667 ptorum
262 1614 309 1652 ab
334 1611 538 1658 uxoribus,
565 1622 723 1659 quarum
751 1616 836 1647 tum
863 1607 1010 1646 summa
1041 1616 1240 1657 comperta
1265 1606 1362 1646 fides

76 1680 152 1727 est,
182 1691 270 1716 cum
306 1676 533 1714 libertorum
580 1672 730 1719 media,
770 1670 962 1710 servorum
1002 1668 1154 1719 aliqua,
1194 1668 1362 1709 filiorum

73 1739 180 1780 nulla
203 1739 475 1778 adverteretur.
507 1734 619 1774 Certe
646 1733 789 1773 Thuria
813 1733 864 1782 Q.
889 1732 1130 1780 Lucretium,
1149 1734 1213 1782 qui
1233 1733 1364 1782 postea

75 1799 209 1840 consul
235 1799 358 1837 faetus
386 1796 461 1844 est,
488 1796 586 1834 inter
610 1807 802 1833 cameram
829 1795 864 1832 Sc
893 1795 1038 1832 tectum
1072 1793 1260 1841 cubiculi,
1286 1807 1361 1833 una

74 1862 227 1904 conscia
256 1860 419 1908 ancilla,
446 1866 532 1897 toto
557 1865 729 1905 tempore
757 1854 876 1893 texit:
900 1867 1133 1904 quamquam
1162 1856 1197 1893 ἃ
1223 1855 1260 1892 in
1287 1854 1362 1893 hoc

72 1926 265 1964 servorum
308 1921 382 1960 fuit
420 1919 572 1970 egregia
608 1917 714 1958 fides.
750 1917 895 1966 quippe
927 1926 1082 1965 vagatus
1120 1915 1361 1966 aliquamdiu

74 1999 164 2026 cum
198 1983 376 2031 duobus,
413 1983 545 2032 inopia
582 1987 770 2030 cogente,
798 1976 1100 2016 succollantibus
1132 1977 1295 2026 iisdem,
1318 1980 1361 2016 in

73 2047 208 2087 urbem
237 2044 512 2091 revertebatur,
535 2055 602 2092 pro
628 2050 771 2091 aegroto
800 2048 901 2078 ratus
927 2038 1135 2077 latiturum.

129 2106 266 2147 XLVI.
285 2106 432 2146 Deinde
449 2117 535 2143 cum
559 2102 654 2141 alter
677 2100 916 2150 bajulorum,
933 2099 1053 2139 frafto
1070 2111 1178 2136 crure
1191 2127 1202 2145 ,
1219 2096 1357 2136 herum

76 2167 297 2209 destituisset
313 2197 324 2215 ,
348 2167 500 2206 innixus
521 2164 625 2204 alteri
653 2163 859 2213 pergebat:
890 2162 1014 2200 donec
1041 2173 1088 2199 ex
1111 2160 1247 2198 eadem
1274 2171 1362 2208 pora

75 2240 136 2280 ta,
162 2231 226 2269 ubi
253 2239 361 2280 pater
393 2231 475 2278 ejus
494 2259 506 2275 ‚
536 2226 638 2267 Sulla
664 2224 948 2276 proscribente,
978 2232 1113 2273 captus
1139 2219 1363 2269 occisusque

76 2294 221 2347 fuerat,
243 2300 428 2330 armatam
455 2289 655 2328 cohortem
680 2298 900 2337 procurrere
926 2285 1079 2331 videns,
1101 2283 1231 2321 omine
1252 2279 1364 2318 fimul

76 2354 181 2403 loci,
206 2353 315 2393 fimul
345 2352 551 2404 conspectu
583 2350 750 2393 militum
773 2349 1025 2394 conterritus,
1049 2346 1088 2385 in
1116 2343 1357 2395 sepulcrum,

129 2472 151 2515 §
177 2471 297 2504 XLIII.
322 2473 463 2504 Sueten.
480 2471 513 2503 'ln
536 2471 621 2514 Aug.
641 2481 671 2502 c.
689 2479 743 2511 27.
761 2467 783 2510 ξ
806 2465 925 2500 XLIV.
944 2465 1025 2497 Dio.
1047 2463 1193 2507 Appiam.
1215 2458 1360 2510 §XLV4

84 2517 228 2552 Sueten.
255 2517 289 2553 m
316 2517 402 2562 Aug.
429 2514 551 2559 venei.
577 2527 620 2557 2,
638 2515 693 2555 67·
714 2514 791 2553 val.
814 2511 909 2550 Max.
927 2516 968 2553 ὁ,
985 2522 1017 2553 7·
1042 2510 1124 2545 Dio·
1146 2508 1298 2552 Aprum·
