1685 3042
284 200 378 256 ²342
446 192 538 239 JO.
581 185 1078 239 FRfflNSHEMit
1120 184 1473 242 'SUPPLEM

289 299 378 338 dam
411 298 668 338 occidendum
693 299 731 338 se
756 300 931 350 praebuit.
961 302 1006 340 At
1032 301 1183 350 ignarus
1219 300 1270 338 rei
1310 293 1567 347 Cornificius}

289 361 384 400 dum
409 361 454 398 ad
483 361 639 402 Laelium
668 361 911 413 perrumpere
930 364 1087 409 nititur,
1116 361 1282 400 desertus
1310 374 1330 399 a
1349 361 1446 408 suis,
1471 373 1570 410 quos

287 421 386 472 saepe
411 423 614 475 objurgans
636 428 795 477 galeatos
823 425 951 476 lepores
975 425 1232 474 appellaverat
1248 455 1259 468 ,
1281 425 1454 474 equitum
1479 425 1571 462 Ara-

288 482 416 523 bionis
446 485 596 524 incursu
636 486 828 535 oppressus
855 485 917 523 est.
945 487 1048 534 quod
1082 486 1147 524 ubi
1176 499 1222 525 ex
1259 484 1349 524 loco
1378 484 1570 534 superiore

289 543 492 594 conspexit
521 545 680 593 Laelius,
707 546 787 595 ipse
817 559 968 595 quoque
989 546 1052 584 sua
1076 549 1192 584 manu
1217 554 1378 591 mortem
1408 545 1568 584 invenit.

288 605 461 646 Ducibus
477 607 638 655 amisus,
651 607 769 656 copiae
790 607 1054 646 diffluxerunt:
1074 607 1134 656 qui
1156 607 1448 656 proscriptorum
1465 605 1569 655 apud

291 668 541 709 Cornificium
572 670 741 716 fuerant,
770 670 808 707 in
839 668 1028 716 Siciliam,
1050 677 1114 707 aut
1139 676 1215 717 quo
1237 669 1392 718 quisque
1421 669 1570 718 potuit,

287 729 328 769 se
364 742 599 780 receperunt.
641 730 778 770 Sestius
815 731 932 770 victor
962 729 1192 769 Arabionem
1221 732 1256 769 ἃ
1288 731 1468 770 Sittianos
1499 732 1572 770 do-

289 791 398 829 navit
425 789 646 840 magnifice:
672 790 824 840 oppidis
855 790 894 828 in
925 789 1040 829 fidem
1066 790 1369 830 Triumvirorum
1397 794 1571 842 acceptis

283 853 474 893 omnibus
511 854 679 903 ignovit:
714 864 914 903 utramque
940 853 1175 903 provinciam
1204 854 1402 902 obtinuit;
1444 854 1572 894 donec

293 915 431 963 Caesar,
455 928 504 955 ex
521 918 633 966 paeto
670 930 759 956 cum
788 916 945 968 collegis
971 917 1173 967 imperium
1204 917 1339 957 Africae
1363 917 1573 957 Numidiae-

258 1013 260 1015 ,
290 989 365 1025 que
385 979 540 1023 nactus,
565 977 606 1017 C.
630 977 804 1017 Fulvium
831 978 1053 1029 Fangonem
1075 980 1248 1030 accipere
1271 980 1318 1018 ab
1341 979 1457 1019 Sestio
1479 992 1571 1030 pro·

291 1038 437 1077 vincias
469 1040 505 1076 ὃ(
531 1039 738 1077 exercitum
775 1038 887 1087 jussit>

355 1098 420 1138 VI.
452 1098 596 1138 Exinde
622 1111 709 1138 cum
740 1098 811 1138 alia
849 1100 1025 1150 paffione
1052 1100 1203 1139 Caesaris
1225 1101 1259 1138 δε
1286 1101 1464 1147 Antonii,
1494 1101 1573 1140 Nu-

293 1161 456 1200 midiam
483 1161 627 1209 Caesar,
655 1161 859 1201 Antonius»
877 1161 1041 1201 Africam
1075 1160 1328 1211 accepissent,
1361 1160 1501 1212 scripsit
1522 1162 1574 1201 ad

293 1223 457 1264 Sestium
497 1223 651 1269 Fulvia,
684 1236 723 1260 ut
750 1225 967 1275 provinciam
997 1225 1153 1262 Antonii
1184 1225 1318 1262 nomine
1350 1232 1574 1277 recuperaret.

293 1298 385 1323 nam
409 1286 572 1324 obtentu
604 1286 741 1324 hiemis
766 1286 892 1324 adhuc
920 1297 1088 1325 moratus
1118 1288 1157 1324 in
1183 1285 1307 1326 Africa
1332 1286 1488 1333 Sestius,
1504 1300 1576 1326 no-

295 1360 429 1386 varum
456 1358 582 1387 rerum
613 1349 849 1387 occafionem
879 1348 1170 1399 exspeftaverat.
1198 1349 1317 1399 igitur
1344 1349 1487 1388 nolenti
1517 1363 1577 1389 ce-

295 1409 390 1448 dere
411 1409 598 1460 Fangoni‚
621 1409 762 1449 bellum
785 1408 913 1448 intulit
926 1440 936 1456 ,
952 1423 1215 1450 veteranorum
1233 1413 1426 1451 contraCta
1444 1425 1575 1459 manu,

298 1471 566 1522 &regulorum
595 1471 757 1511 auxiliis,
777 1472 879 1510 ‘Mox
901 1473 934 1511 ὃ(
958 1485 1004 1510 ex
1025 1473 1104 1523 ipsa
1130 1475 1324 1523 provincia
1350 1474 1459 1513 multi
1478 1488 1575 1513 mor-

297 1533 392 1573 tales
417 1534 466 1573 ad
493 1546 581 1572 eum
610 1532 900 1580 concesserunt,
930 1532 1122 1583 Pangou'is
1151 1535 1267 1582 odio,
1297 1535 1359 1585 qui
1385 1549 1432 1574 ex
1458 1537 1576 1575 mani-

290 1594 448 1646 ·pulari,
492 1594 644 1634 Caesaris
684 1594 880 1634 dictatoris
917 1595 1103 1642 victoria,
1134 1595 1254 1634 faetus
1281 1596 1377 1633 inter
1401 1595 1495 1635 alios
1529 1597 1578 1636 de

290 1670 437 1709 genere
457 1656 534 1695 hoc
553 1657 720 1703 senator,
741 1656 959 1707 praesentem
985 1658 1195 1706 potentiam
1221 1662 1353 1708 parum
1374 1659 1577 1708 prudenter

301 1719 521 1759 exercebat.
547 1719 621 1759 Sed
646 1721 679 1758 Sc
703 1719 889 1759 Numidia
904 1718 940 1757 se
957 1749 968 1767 ,
995 1718 1104 1757 rebus
1122 1718 1179 1758 his
1206 1720 1362 1766 auditis,
1385 1720 1580 1759 concusse-

301 1791 372 1821 rat.
391 1781 538 1821 idcirco
556 1781 721 1820 reversus
738 1782 775 1818 in
793 1793 877 1820 eam
893 1780 1022 1831 Fango
1035 1813 1045 1828 ‚
1063 1781 1270 1830 Cirtenses,
1286 1796 1306 1821 a
1325 1783 1462 1832 quibus
1480 1783 1577 1833 sper-

301 1842 487 1890 nebatur,
518 1843 686 1892 itemque
708 1842 955 1890 Arabionem,
982 1852 1185 1892 negantem
1220 1843 1381 1891 auxilia,
1406 1843 1580 1893 plurimis

299 1903 430 1943 affecit
444 1904 603 1943 damnis.
625 1904 729 1943 hunc
757 1905 870 1943 etiam
887 1904 1075 1954 postremo
1101 1906 1214 1953 ejecit
1236 1904 1375 1944 finibus
1401 1905 1493 1951 fuis,
1515 1908 1578 1952 ἃ,

301 1978 390 2004 cum
425 1965 473 2004 ad
501 1965 659 2006 Sestium
686 1965 722 2004 se
747 1965 962 2016 recepisset,
988 1965 1077 2004 dedi
1108 1963 1318 2014 postulavit.
1355 1967 1445 2005 Haec
1479 1980 1578 2007 nova

299 2025 360 2065 his
396 2025 563 2065 bellandi
587 2026 724 2065 exstitit
749 2026 871 2068 causa.
902 2026 1019 2067 Sestio
1046 2025 1484 2076 recusante‘supplicem
1512 2028 1578 2066 de-

301 2090 416 2138 dere,
441 2090 575 2140 irrupit
600 2092 641 2128 in
674 2090 839 2129 Africam
871 2090 1023 2141 Fango,
1052 2089 1275 2139 levibusque
1305 2090 1450 2139 proeliis
1480 2089 1578 2128 infe.

303 2153 401 2200 rior,
425 2154 465 2191 in
496 2152 716 2193 Numidiam
739 2154 957 2192 recedendo
986 2153 1145 2192 Sestium
1172 2151 1323 2190 attraxit
1341 2150 1575 2197 ,Arabionis

303 2213 492 2265 praecipue
522 2213 710 2263 equitibus
734 2213 930 2252 confisum.
963 2213 1038 2252 Sed
1065 2213 1130 2251 ubi
1155 2211 1289 2252 Sestius
1317 2210 1576 2249 insimulatum

301 2277 530 2328 proditionis
569 2276 795 2316 Arabionem
839 2275 930 2315 dolo
961 2275 1130 2323 sustulit,
1168 2275 1313 2325 equites
1358 2275 1465 2323 ejus,
1492 2285 1578 2323 pars

302 2337 402 2387 alio,
429 2339 542 2378 multi
569 2339 617 2378 ad
644 2338 866 2390 Fangonem
891 2337 927 2377 se
954 2337 1214 2377 contulerunt.

346 2456 368 2498 §
391 2457 434 2487 V.
461 2457 542 2492 Dio.
563 2458 709 2506 Appian.
740 2456 860 2492 Euseb.
894 2456 916 2503 §
943 2456 1002 2490 V1.
1031 2456 1176 2503 Appian.
1196 2455 1278 2492 Dio.
1305 2454 1376 2489 Cic.
1404 2454 1442 2489 ad
1469 2452 1575 2491 Atticq

299 2512 360 2544 ις,
389 2511 438 2545 1‘).
