<?xml version="1.0" encoding="UTF-8"?>
<!DOCTYPE html PUBLIC "-//W3C//DTD XHTML 1.0 Transitional//EN"
    "http://www.w3.org/TR/xhtml1/DTD/xhtml1-transitional.dtd">
<html xmlns="http://www.w3.org/1999/xhtml" xml:lang="en" lang="en">
 <head>
  <title>
</title>
<meta http-equiv="Content-Type" content="text/html;charset=utf-8" />
  <meta name='ocr-system' content='tesseract 3.04.00' />
  <meta name='ocr-capabilities' content='ocr_page ocr_carea ocr_par ocr_line ocrx_word'/>
</head>
<body>
  <div class='ocr_page' id='page_1' title='image "./historiarumlibri11livyuoft_0101.png"; bbox 0 0 1685 3042; ppageno 0'>
   <div class='ocr_carea' id='block_1_1' title="bbox 212 190 1322 282">
    <p class='ocr_par' dir='ltr' id='par_1_1' title="bbox 212 190 1322 282">
     <span class='ocr_line' id='line_1_1' title="bbox 212 190 1322 282; baseline -0.006 -13"><span class='ocrx_word' id='word_1_1' title='bbox 212 190 321 269; x_wconf 29' lang='lat' dir='ltr'>&#39;IN</span> <span class='ocrx_word' id='word_1_2' title='bbox 374 215 933 268; x_wconf 78' lang='lat' dir='ltr'><strong>LOC.LIB.CXV1</strong></span> <span class='ocrx_word' id='word_1_3' title='bbox 985 218 1128 264; x_wconf 70' lang='grc' dir='ltr'>ων.</span> <span class='ocrx_word' id='word_1_4' title='bbox 1257 228 1322 282; x_wconf 73' lang='lat'>93·</span> 
     </span>
    </p>
   </div>
   <div class='ocr_carea' id='block_1_2' title="bbox 47 324 1377 382">
    <p class='ocr_par' dir='ltr' id='par_1_2' title="bbox 47 324 1377 382">
     <span class='ocr_line' id='line_1_2' title="bbox 47 324 1377 382; baseline -0.004 -13"><span class='ocrx_word' id='word_1_5' title='bbox 47 330 173 368; x_wconf 77' lang='lat' dir='ltr'>Multa</span> <span class='ocrx_word' id='word_1_6' title='bbox 199 344 344 382; x_wconf 81' lang='lat' dir='ltr'>querar,</span> <span class='ocrx_word' id='word_1_7' title='bbox 365 329 418 366; x_wconf 88' lang='lat' dir='ltr'>ait</span> <span class='ocrx_word' id='word_1_8' title='bbox 437 326 520 375; x_wconf 84' lang='lat' dir='ltr'>ille,</span> <span class='ocrx_word' id='word_1_9' title='bbox 545 328 586 364; x_wconf 89' lang='lat' dir='ltr'>de</span> <span class='ocrx_word' id='word_1_10' title='bbox 608 325 804 378; x_wconf 79' lang='lat' dir='ltr'><em>republica,</em></span> <span class='ocrx_word' id='word_1_11' title='bbox 828 326 863 363; x_wconf 59' lang='grc' dir='ltr'>ἃ</span> <span class='ocrx_word' id='word_1_12' title='bbox 887 336 1042 376; x_wconf 81' lang='lat' dir='ltr'>oppetam</span> <span class='ocrx_word' id='word_1_13' title='bbox 1063 339 1128 376; x_wconf 83' lang='lat' dir='ltr'>pro</span> <span class='ocrx_word' id='word_1_14' title='bbox 1152 324 1321 364; x_wconf 76' lang='lat' dir='ltr'>libertate.</span> <span class='ocrx_word' id='word_1_15' title='bbox 1370 343 1377 349; x_wconf 64' lang='lat'><strong><em>⁴</em></strong></span> 
     </span>
    </p>
   </div>
   <div class='ocr_carea' id='block_1_3' title="bbox 43 391 1330 633">
    <p class='ocr_par' dir='ltr' id='par_1_3' title="bbox 43 391 1330 633">
     <span class='ocr_line' id='line_1_3' title="bbox 43 391 1325 451; baseline -0.006 -12"><span class='ocrx_word' id='word_1_16' title='bbox 43 400 141 451; x_wconf 74' lang='lat' dir='ltr'>Istud</span> <span class='ocrx_word' id='word_1_17' title='bbox 151 413 229 437; x_wconf 82' lang='lat' dir='ltr'>vero</span> <span class='ocrx_word' id='word_1_18' title='bbox 247 412 308 436; x_wconf 86' lang='lat' dir='ltr'>nec</span> <span class='ocrx_word' id='word_1_19' title='bbox 329 397 420 444; x_wconf 82' lang='lat' dir='ltr'>Dii,</span> <span class='ocrx_word' id='word_1_20' title='bbox 436 409 496 434; x_wconf 87' lang='lat' dir='ltr'>nec</span> <span class='ocrx_word' id='word_1_21' title='bbox 515 395 672 432; x_wconf 78' lang='lat' dir='ltr'>homines</span> <span class='ocrx_word' id='word_1_22' title='bbox 681 393 788 444; x_wconf 85' lang='lat' dir='ltr'>firint</span> <span class='ocrx_word' id='word_1_23' title='bbox 800 423 812 441; x_wconf 88' lang='lat'>,</span> <span class='ocrx_word' id='word_1_24' title='bbox 836 391 1028 431; x_wconf 82' lang='lat' dir='ltr'>exclamat</span> <span class='ocrx_word' id='word_1_25' title='bbox 1051 391 1216 432; x_wconf 71' lang='lat' dir='ltr'>Cassius:</span> <span class='ocrx_word' id='word_1_26' title='bbox 1239 395 1325 446; x_wconf 81' lang='lat' dir='ltr'>quin</span> 
     </span>
     <span class='ocr_line' id='line_1_4' title="bbox 45 453 1326 514; baseline -0.002 -17"><span class='ocrx_word' id='word_1_27' title='bbox 45 460 107 499; x_wconf 88' lang='lat' dir='ltr'>ille</span> <span class='ocrx_word' id='word_1_28' title='bbox 124 473 240 514; x_wconf 75' lang='lat' dir='ltr'>pereat</span> <span class='ocrx_word' id='word_1_29' title='bbox 255 460 396 513; x_wconf 84' lang='lat' dir='ltr'>potius,</span> <span class='ocrx_word' id='word_1_30' title='bbox 411 458 469 509; x_wconf 86' lang='lat' dir='ltr'>qui</span> <span class='ocrx_word' id='word_1_31' title='bbox 484 457 630 494; x_wconf 82' lang='lat' dir='ltr'>meruit!</span> <span class='ocrx_word' id='word_1_32' title='bbox 654 457 733 494; x_wconf 84' lang='lat' dir='ltr'>Nec</span> <span class='ocrx_word' id='word_1_33' title='bbox 752 456 841 493; x_wconf 85' lang='lat' dir='ltr'>enim</span> <span class='ocrx_word' id='word_1_34' title='bbox 860 455 963 507; x_wconf 67' lang='lat' dir='ltr'>solus</span> <span class='ocrx_word' id='word_1_35' title='bbox 982 453 1138 505; x_wconf 80' lang='lat' dir='ltr'>objiciere</span> <span class='ocrx_word' id='word_1_36' title='bbox 1158 457 1326 507; x_wconf 78' lang='lat' dir='ltr'>periculo.</span> 
     </span>
     <span class='ocr_line' id='line_1_5' title="bbox 45 515 1330 573; baseline -0.004 -13"><span class='ocrx_word' id='word_1_37' title='bbox 45 523 169 573; x_wconf 79' lang='lat' dir='ltr'><em>ecquid</em></span> <span class='ocrx_word' id='word_1_38' title='bbox 198 534 256 559; x_wconf 88' lang='lat' dir='ltr'>eos</span> <span class='ocrx_word' id='word_1_39' title='bbox 283 530 412 572; x_wconf 82' lang='lat' dir='ltr'>putas,</span> <span class='ocrx_word' id='word_1_40' title='bbox 445 518 504 570; x_wconf 83' lang='lat' dir='ltr'>qui</span> <span class='ocrx_word' id='word_1_41' title='bbox 533 530 628 555; x_wconf 57' lang='lat' dir='ltr'>voce*</span> <span class='ocrx_word' id='word_1_42' title='bbox 648 531 717 554; x_wconf 84' lang='lat' dir='ltr'>non</span> <span class='ocrx_word' id='word_1_43' title='bbox 749 516 824 566; x_wconf 78' lang='lat' dir='ltr'>ausi</span> <span class='ocrx_word' id='word_1_44' title='bbox 855 527 884 553; x_wconf 85' lang='lat' dir='ltr'>te</span> <span class='ocrx_word' id='word_1_45' title='bbox 918 515 1145 567; x_wconf 77' lang='lat' dir='ltr'><strong><em>compellare,</em></strong></span> <span class='ocrx_word' id='word_1_46' title='bbox 1175 517 1330 556; x_wconf 78' lang='lat' dir='ltr'>tribunal</span> 
     </span>
     <span class='ocr_line' id='line_1_6' title="bbox 45 576 1330 633; baseline -0.004 -14"><span class='ocrx_word' id='word_1_47' title='bbox 45 592 142 619; x_wconf 73' lang='lat' dir='ltr'>tuum</span> <span class='ocrx_word' id='word_1_48' title='bbox 159 583 317 633; x_wconf 83' lang='lat' dir='ltr'>fecerunt</span> <span class='ocrx_word' id='word_1_49' title='bbox 337 579 544 630; x_wconf 82' lang='lat' dir='ltr'><em>interpretem</em></span> <span class='ocrx_word' id='word_1_50' title='bbox 562 580 636 631; x_wconf 85' lang='lat' dir='ltr'>suae</span> <span class='ocrx_word' id='word_1_51' title='bbox 660 576 884 614; x_wconf 73' lang='lat' dir='ltr'>voluntatis?</span> <span class='ocrx_word' id='word_1_52' title='bbox 907 590 977 613; x_wconf 84' lang='lat' dir='ltr'>non</span> <span class='ocrx_word' id='word_1_53' title='bbox 995 576 1126 626; x_wconf 75' lang='lat' dir='ltr'>fhrens</span> <span class='ocrx_word' id='word_1_54' title='bbox 1124 590 1144 612; x_wconf 93' lang='lat' dir='ltr'>s</span> <span class='ocrx_word' id='word_1_55' title='bbox 1165 591 1207 613; x_wconf 86' lang='lat' dir='ltr'>ea</span> <span class='ocrx_word' id='word_1_56' title='bbox 1228 577 1330 614; x_wconf 69' lang='lat' dir='ltr'>turba</span> 
     </span>
    </p>
   </div>
   <div class='ocr_carea' id='block_1_4' title="bbox 43 637 1335 1011">
    <p class='ocr_par' dir='ltr' id='par_1_4' title="bbox 43 637 1332 757">
     <span class='ocr_line' id='line_1_7' title="bbox 43 637 1332 695; baseline -0.003 -15"><span class='ocrx_word' id='word_1_57' title='bbox 43 643 91 695; x_wconf 79' lang='lat' dir='ltr'>est</span> <span class='ocrx_word' id='word_1_58' title='bbox 108 642 283 695; x_wconf 66' lang='lat' dir='ltr'>profebIo,</span> <span class='ocrx_word' id='word_1_59' title='bbox 313 652 376 679; x_wconf 84' lang='lat' dir='ltr'>aut</span> <span class='ocrx_word' id='word_1_60' title='bbox 391 639 568 693; x_wconf 77' lang='lat' dir='ltr'><em>sellularii</em></span> <span class='ocrx_word' id='word_1_61' title='bbox 589 639 755 692; x_wconf 80' lang='lat' dir='ltr'>opifices:</span> <span class='ocrx_word' id='word_1_62' title='bbox 787 637 935 691; x_wconf 76' lang='lat' dir='ltr'>illustres</span> <span class='ocrx_word' id='word_1_63' title='bbox 952 637 1021 675; x_wconf 76' lang='lat' dir='ltr'>viri</span> <span class='ocrx_word' id='word_1_64' title='bbox 1042 639 1151 690; x_wconf 80' lang='lat' dir='ltr'>sunt,</span> <span class='ocrx_word' id='word_1_65' title='bbox 1174 639 1208 676; x_wconf 65' lang='grc' dir='ltr'>δ’</span> <span class='ocrx_word' id='word_1_66' title='bbox 1221 639 1332 690; x_wconf 78' lang='lat' dir='ltr'>prin-</span> 
     </span>
     <span class='ocr_line' id='line_1_8' title="bbox 46 716 340 757; baseline -0.011 -15"><span class='ocrx_word' id='word_1_67' title='bbox 46 718 142 757; x_wconf 61' lang='lat' dir='ltr'>elpes</span> <span class='ocrx_word' id='word_1_68' title='bbox 169 716 340 741; x_wconf 67' lang='lat' dir='ltr'>CWltatIs.</span> 
     </span>
    </p>

    <p class='ocr_par' dir='ltr' id='par_1_5' title="bbox 50 764 1335 1004">
     <span class='ocr_line' id='line_1_9' title="bbox 104 764 1330 818; baseline -0.002 -9"><span class='ocrx_word' id='word_1_69' title='bbox 104 770 222 810; x_wconf 91' lang='lat' dir='ltr'><strong>XLI.</strong></span> <span class='ocrx_word' id='word_1_70' title='bbox 237 770 292 809; x_wconf 85' lang='lat' dir='ltr'>Ab</span> <span class='ocrx_word' id='word_1_71' title='bbox 319 770 394 808; x_wconf 83' lang='lat' dir='ltr'>hoc</span> <span class='ocrx_word' id='word_1_72' title='bbox 422 768 619 818; x_wconf 87' lang='lat' dir='ltr'>colloquio</span> <span class='ocrx_word' id='word_1_73' title='bbox 652 768 811 812; x_wconf 90' lang='lat' dir='ltr'>Brutus,</span> <span class='ocrx_word' id='word_1_74' title='bbox 836 768 915 815; x_wconf 90' lang='lat' dir='ltr'>jam</span> <span class='ocrx_word' id='word_1_75' title='bbox 940 764 1086 804; x_wconf 83' lang='lat' dir='ltr'>consilii</span> <span class='ocrx_word' id='word_1_76' title='bbox 1110 774 1254 815; x_wconf 80' lang='lat' dir='ltr'>certuS,</span> <span class='ocrx_word' id='word_1_77' title='bbox 1278 767 1330 816; x_wconf 82' lang='lat' dir='ltr'>Q.</span> 
     </span>
     <span class='ocr_line' id='line_1_10' title="bbox 50 827 1335 883; baseline -0.005 -11"><span class='ocrx_word' id='word_1_78' title='bbox 50 832 243 883; x_wconf 79' lang='lat' dir='ltr'>Ligarium</span> <span class='ocrx_word' id='word_1_79' title='bbox 272 832 393 870; x_wconf 86' lang='lat' dir='ltr'>invisit</span> <span class='ocrx_word' id='word_1_80' title='bbox 422 832 648 869; x_wconf 69' lang='lat' dir='ltr'><strong>familiarem</strong></span> <span class='ocrx_word' id='word_1_81' title='bbox 674 829 794 869; x_wconf 88' lang='lat' dir='ltr'>suum.</span> <span class='ocrx_word' id='word_1_82' title='bbox 820 832 886 878; x_wconf 82' lang='lat' dir='ltr'>qui</span> <span class='ocrx_word' id='word_1_83' title='bbox 913 827 1110 867; x_wconf 89' lang='lat' dir='ltr'>accusatus</span> <span class='ocrx_word' id='word_1_84' title='bbox 1129 828 1230 878; x_wconf 89' lang='lat' dir='ltr'>apud</span> <span class='ocrx_word' id='word_1_85' title='bbox 1251 827 1335 867; x_wconf 86' lang='lat' dir='ltr'>Cae-</span> 
     </span>
     <span class='ocr_line' id='line_1_11' title="bbox 50 888 1334 942; baseline -0.004 -11"><span class='ocrx_word' id='word_1_86' title='bbox 50 892 191 940; x_wconf 86' lang='lat' dir='ltr'>sarem,</span> <span class='ocrx_word' id='word_1_87' title='bbox 218 894 253 931; x_wconf 70' lang='lat' dir='ltr'>St</span> <span class='ocrx_word' id='word_1_88' title='bbox 293 892 506 942; x_wconf 87' lang='lat' dir='ltr'>patrocinio</span> <span class='ocrx_word' id='word_1_89' title='bbox 540 891 738 929; x_wconf 85' lang='lat' dir='ltr'>Ciceronis</span> <span class='ocrx_word' id='word_1_90' title='bbox 770 888 986 936; x_wconf 81' lang='lat' dir='ltr'>absolutus,</span> <span class='ocrx_word' id='word_1_91' title='bbox 1011 889 1195 927; x_wconf 85' lang='lat' dir='ltr'>acriorem</span> <span class='ocrx_word' id='word_1_92' title='bbox 1233 889 1334 938; x_wconf 87' lang='lat' dir='ltr'>peri-</span> 
     </span>
     <span class='ocr_line' id='line_1_12' title="bbox 53 949 1335 1011; baseline -0.006 -17"><span class='ocrx_word' id='word_1_93' title='bbox 53 954 154 1011; x_wconf 87' lang='lat' dir='ltr'>culi,</span> <span class='ocrx_word' id='word_1_94' title='bbox 175 966 287 1004; x_wconf 83' lang='lat' dir='ltr'>quam</span> <span class='ocrx_word' id='word_1_95' title='bbox 311 953 509 999; x_wconf 87' lang='lat' dir='ltr'>beneficii,</span> <span class='ocrx_word' id='word_1_96' title='bbox 529 951 678 990; x_wconf 82' lang='lat' dir='ltr'>sensum</span> <span class='ocrx_word' id='word_1_97' title='bbox 702 951 898 989; x_wconf 88' lang='lat' dir='ltr'>retinebat.</span> <span class='ocrx_word' id='word_1_98' title='bbox 930 950 1047 1000; x_wconf 82' lang='lat' dir='ltr'>Igitur</span> <span class='ocrx_word' id='word_1_99' title='bbox 1068 951 1221 989; x_wconf 79' lang='lat' dir='ltr'>dicente</span> <span class='ocrx_word' id='word_1_100' title='bbox 1244 949 1335 989; x_wconf 86' lang='lat' dir='ltr'>Bru</span> 
     </span>
    </p>
   </div>
   <div class='ocr_carea' id='block_1_5' title="bbox 55 1008 1403 1066">
    <p class='ocr_par' dir='ltr' id='par_1_6' title="bbox 55 1008 1403 1066">
     <span class='ocr_line' id='line_1_13' title="bbox 55 1008 1403 1066; baseline -0.004 -12"><span class='ocrx_word' id='word_1_101' title='bbox 55 1024 97 1054; x_wconf 88' lang='lat' dir='ltr'>to</span> <span class='ocrx_word' id='word_1_102' title='bbox 113 1045 124 1062; x_wconf 90' lang='lat'>.,</span> <span class='ocrx_word' id='word_1_103' title='bbox 141 1015 238 1066; x_wconf 71' lang='lat' dir='ltr'>quali</span> <span class='ocrx_word' id='word_1_104' title='bbox 265 1027 409 1066; x_wconf 83' lang='lat' dir='ltr'>tempore</span> <span class='ocrx_word' id='word_1_105' title='bbox 429 1026 532 1064; x_wconf 76' lang='lat' dir='ltr'>aegrro</span> <span class='ocrx_word' id='word_1_106' title='bbox 535 1027 599 1060; x_wconf 75' lang='lat' dir='ltr'>as,</span> <span class='ocrx_word' id='word_1_107' title='bbox 623 1013 753 1062; x_wconf 75' lang='lat' dir='ltr'>Qrinte</span> <span class='ocrx_word' id='word_1_108' title='bbox 770 1014 782 1049; x_wconf 68' lang='grc' dir='ltr'><em>Ι</em></span> <span class='ocrx_word' id='word_1_109' title='bbox 809 1012 992 1049; x_wconf 82' lang='lat' dir='ltr'>continuo</span> <span class='ocrx_word' id='word_1_110' title='bbox 1015 1010 1050 1049; x_wconf 84' lang='lat' dir='ltr'>se</span> <span class='ocrx_word' id='word_1_111' title='bbox 1075 1011 1192 1050; x_wconf 85' lang='lat' dir='ltr'>erexit</span> <span class='ocrx_word' id='word_1_112' title='bbox 1213 1011 1252 1048; x_wconf 85' lang='lat' dir='ltr'>in</span> <span class='ocrx_word' id='word_1_113' title='bbox 1273 1023 1337 1049; x_wconf 85' lang='lat' dir='ltr'>eu.</span> <span class='ocrx_word' id='word_1_114' title='bbox 1400 1008 1403 1011; x_wconf 43' lang='lat'><em>¹</em></span> 
     </span>
    </p>
   </div>
   <div class='ocr_carea' id='block_1_6' title="bbox 53 1073 1344 1622">
    <p class='ocr_par' dir='ltr' id='par_1_7' title="bbox 53 1073 1344 1622">
     <span class='ocr_line' id='line_1_14' title="bbox 53 1073 1339 1126; baseline -0.004 -10"><span class='ocrx_word' id='word_1_115' title='bbox 53 1077 194 1123; x_wconf 80' lang='lat' dir='ltr'>bitum,</span> <span class='ocrx_word' id='word_1_116' title='bbox 211 1078 262 1122; x_wconf 71' lang='lat' dir='ltr'>Sc,</span> <span class='ocrx_word' id='word_1_117' title='bbox 279 1083 429 1123; x_wconf 83' lang='lat' dir='ltr'>arrepta</span> <span class='ocrx_word' id='word_1_118' title='bbox 445 1073 546 1112; x_wconf 87' lang='lat' dir='ltr'>Bruti</span> <span class='ocrx_word' id='word_1_119' title='bbox 566 1086 695 1120; x_wconf 81' lang='lat' dir='ltr'>manu,</span> <span class='ocrx_word' id='word_1_120' title='bbox 709 1074 864 1125; x_wconf 74' lang='lat' dir='ltr'>fiquid,</span> <span class='ocrx_word' id='word_1_121' title='bbox 881 1073 1017 1122; x_wconf 87' lang='lat' dir='ltr'>inquit,</span> <span class='ocrx_word' id='word_1_122' title='bbox 1034 1073 1176 1125; x_wconf 82' lang='lat' dir='ltr'>dignum</span> <span class='ocrx_word' id='word_1_123' title='bbox 1195 1085 1226 1111; x_wconf 87' lang='lat' dir='ltr'>te</span> <span class='ocrx_word' id='word_1_124' title='bbox 1246 1076 1339 1126; x_wconf 83' lang='lat' dir='ltr'>cogi-</span> 
     </span>
     <span class='ocr_line' id='line_1_15' title="bbox 53 1133 1337 1186; baseline -0.002 -9"><span class='ocrx_word' id='word_1_125' title='bbox 53 1151 135 1186; x_wconf 75' lang='lat' dir='ltr'>tas,</span> <span class='ocrx_word' id='word_1_126' title='bbox 157 1138 270 1176; x_wconf 81' lang='lat' dir='ltr'>valeo.</span> <span class='ocrx_word' id='word_1_127' title='bbox 303 1136 397 1175; x_wconf 88' lang='lat' dir='ltr'>lnde</span> <span class='ocrx_word' id='word_1_128' title='bbox 430 1135 479 1173; x_wconf 85' lang='lat' dir='ltr'>ad</span> <span class='ocrx_word' id='word_1_129' title='bbox 506 1134 765 1173; x_wconf 88' lang='lat' dir='ltr'>sollicitandos</span> <span class='ocrx_word' id='word_1_130' title='bbox 800 1136 945 1172; x_wconf 84' lang='lat' dir='ltr'>amicos</span> <span class='ocrx_word' id='word_1_131' title='bbox 976 1133 1167 1181; x_wconf 85' lang='lat' dir='ltr'>conversi,</span> <span class='ocrx_word' id='word_1_132' title='bbox 1195 1134 1337 1174; x_wconf 82' lang='lat' dir='ltr'>multos</span> 
     </span>
     <span class='ocr_line' id='line_1_16' title="bbox 56 1195 1342 1251; baseline -0.002 -12"><span class='ocrx_word' id='word_1_133' title='bbox 56 1207 321 1251; x_wconf 83' lang='lat' dir='ltr'>pertraxerunt</span> <span class='ocrx_word' id='word_1_134' title='bbox 341 1198 380 1236; x_wconf 85' lang='lat' dir='ltr'>in</span> <span class='ocrx_word' id='word_1_135' title='bbox 398 1197 641 1244; x_wconf 78' lang='lat' dir='ltr'>societatem,</span> <span class='ocrx_word' id='word_1_136' title='bbox 663 1197 848 1246; x_wconf 84' lang='lat' dir='ltr'>quosdam</span> <span class='ocrx_word' id='word_1_137' title='bbox 871 1197 984 1234; x_wconf 87' lang='lat' dir='ltr'>etiarn</span> <span class='ocrx_word' id='word_1_138' title='bbox 1003 1208 1050 1234; x_wconf 80' lang='lat' dir='ltr'>ex</span> <span class='ocrx_word' id='word_1_139' title='bbox 1073 1196 1094 1244; x_wconf 87' lang='lat' dir='ltr'>J</span> <span class='ocrx_word' id='word_1_140' title='bbox 1100 1195 1230 1235; x_wconf 86' lang='lat' dir='ltr'>ulianis</span> <span class='ocrx_word' id='word_1_141' title='bbox 1252 1211 1342 1248; x_wconf 85' lang='lat' dir='ltr'>par-</span> 
     </span>
     <span class='ocr_line' id='line_1_17' title="bbox 57 1256 1336 1309; baseline -0.002 -9"><span class='ocrx_word' id='word_1_142' title='bbox 57 1262 173 1301; x_wconf 88' lang='lat' dir='ltr'>tibus.</span> <span class='ocrx_word' id='word_1_143' title='bbox 205 1261 352 1300; x_wconf 89' lang='lat' dir='ltr'>Horum</span> <span class='ocrx_word' id='word_1_144' title='bbox 380 1260 570 1309; x_wconf 81' lang='lat' dir='ltr'>principes</span> <span class='ocrx_word' id='word_1_145' title='bbox 602 1258 753 1296; x_wconf 81' lang='lat' dir='ltr'>fuerunt</span> <span class='ocrx_word' id='word_1_146' title='bbox 777 1257 822 1296; x_wconf 88' lang='lat' dir='ltr'>D.</span> <span class='ocrx_word' id='word_1_147' title='bbox 846 1257 978 1296; x_wconf 87' lang='lat' dir='ltr'>Brutus</span> <span class='ocrx_word' id='word_1_148' title='bbox 995 1287 1006 1304; x_wconf 92' lang='lat'>,</span> <span class='ocrx_word' id='word_1_149' title='bbox 1033 1256 1076 1296; x_wconf 88' lang='lat' dir='ltr'>C.</span> <span class='ocrx_word' id='word_1_150' title='bbox 1094 1257 1336 1298; x_wconf 80' lang='lat' dir='ltr'>Trebonius:</span> 
     </span>
     <span class='ocr_line' id='line_1_18' title="bbox 60 1317 1340 1369; baseline -0.003 -7"><span class='ocrx_word' id='word_1_151' title='bbox 60 1323 176 1362; x_wconf 86' lang='lat' dir='ltr'>ceteri</span> <span class='ocrx_word' id='word_1_152' title='bbox 217 1321 424 1360; x_wconf 83' lang='lat' dir='ltr'>nobiliores</span> <span class='ocrx_word' id='word_1_153' title='bbox 458 1321 536 1360; x_wconf 90' lang='lat' dir='ltr'>Ser.</span> <span class='ocrx_word' id='word_1_154' title='bbox 561 1319 750 1369; x_wconf 80' lang='lat' dir='ltr'>Sulpicius</span> <span class='ocrx_word' id='word_1_155' title='bbox 781 1318 924 1366; x_wconf 82' lang='lat' dir='ltr'>Galba,</span> <span class='ocrx_word' id='word_1_156' title='bbox 964 1318 1078 1366; x_wconf 76' lang='lat' dir='ltr'>Cujus</span> <span class='ocrx_word' id='word_1_157' title='bbox 1109 1320 1145 1357; x_wconf 86' lang='lat'>&amp;</span> <span class='ocrx_word' id='word_1_158' title='bbox 1181 1317 1340 1358; x_wconf 78' lang='lat' dir='ltr'>Publius</span> 
     </span>
     <span class='ocr_line' id='line_1_19' title="bbox 59 1381 1341 1433; baseline -0.008 -6"><span class='ocrx_word' id='word_1_159' title='bbox 59 1387 211 1427; x_wconf 86' lang='lat' dir='ltr'>Servilii</span> <span class='ocrx_word' id='word_1_160' title='bbox 245 1385 394 1432; x_wconf 81' lang='lat' dir='ltr'>Cascae,</span> <span class='ocrx_word' id='word_1_161' title='bbox 423 1384 575 1424; x_wconf 67' lang='lat' dir='ltr'>Tullius</span> <span class='ocrx_word' id='word_1_162' title='bbox 608 1383 788 1431; x_wconf 84' lang='lat' dir='ltr'>Cimber,</span> <span class='ocrx_word' id='word_1_163' title='bbox 819 1383 1008 1423; x_wconf 82' lang='lat' dir='ltr'>Minutius</span> <span class='ocrx_word' id='word_1_164' title='bbox 1039 1381 1200 1422; x_wconf 77' lang='lat' dir='ltr'>Basilus:</span> <span class='ocrx_word' id='word_1_165' title='bbox 1228 1382 1341 1433; x_wconf 79' lang='lat' dir='ltr'>pleri.</span> 
     </span>
     <span class='ocr_line' id='line_1_20' title="bbox 59 1443 1344 1500; baseline -0.004 -12"><span class='ocrx_word' id='word_1_166' title='bbox 59 1462 135 1500; x_wconf 91' lang='lat' dir='ltr'>que</span> <span class='ocrx_word' id='word_1_167' title='bbox 158 1459 290 1487; x_wconf 86' lang='lat' dir='ltr'>omnes</span> <span class='ocrx_word' id='word_1_168' title='bbox 311 1445 415 1485; x_wconf 79' lang='lat' dir='ltr'>nulla</span> <span class='ocrx_word' id='word_1_169' title='bbox 439 1445 510 1484; x_wconf 87' lang='lat' dir='ltr'>alia</span> <span class='ocrx_word' id='word_1_170' title='bbox 537 1446 585 1484; x_wconf 91' lang='lat' dir='ltr'>de</span> <span class='ocrx_word' id='word_1_171' title='bbox 612 1444 745 1492; x_wconf 89' lang='lat' dir='ltr'>causa,</span> <span class='ocrx_word' id='word_1_172' title='bbox 767 1457 882 1495; x_wconf 87' lang='lat' dir='ltr'>quam</span> <span class='ocrx_word' id='word_1_173' title='bbox 906 1444 1008 1494; x_wconf 92' lang='lat' dir='ltr'>quod</span> <span class='ocrx_word' id='word_1_174' title='bbox 1033 1443 1246 1482; x_wconf 82' lang='lat' dir='ltr'>satisfacere</span> <span class='ocrx_word' id='word_1_175' title='bbox 1262 1444 1344 1483; x_wconf 81' lang='lat' dir='ltr'>Cae-</span> 
     </span>
     <span class='ocr_line' id='line_1_21' title="bbox 60 1505 1344 1561; baseline -0.008 -10"><span class='ocrx_word' id='word_1_176' title='bbox 60 1511 117 1551; x_wconf 87' lang='lat' dir='ltr'>sar</span> <span class='ocrx_word' id='word_1_177' title='bbox 149 1509 351 1561; x_wconf 81' lang='lat' dir='ltr'>cupiditati</span> <span class='ocrx_word' id='word_1_178' title='bbox 384 1509 558 1547; x_wconf 84' lang='lat' dir='ltr'>oninium</span> <span class='ocrx_word' id='word_1_179' title='bbox 590 1507 794 1557; x_wconf 71' lang='lat' dir='ltr'>nequibat,</span> <span class='ocrx_word' id='word_1_180' title='bbox 820 1518 908 1544; x_wconf 90' lang='lat' dir='ltr'>curn</span> <span class='ocrx_word' id='word_1_181' title='bbox 945 1505 1078 1556; x_wconf 78' lang='lat' dir='ltr'>singuli</span> <span class='ocrx_word' id='word_1_182' title='bbox 1111 1507 1230 1545; x_wconf 90' lang='lat' dir='ltr'>ferme</span> <span class='ocrx_word' id='word_1_183' title='bbox 1261 1516 1344 1545; x_wconf 85' lang='lat' dir='ltr'>tan.</span> 
     </span>
     <span class='ocr_line' id='line_1_22' title="bbox 60 1568 1196 1622; baseline -0.004 -10"><span class='ocrx_word' id='word_1_184' title='bbox 60 1582 143 1612; x_wconf 88' lang='lat' dir='ltr'>tum</span> <span class='ocrx_word' id='word_1_185' title='bbox 172 1571 395 1622; x_wconf 81' lang='lat' dir='ltr'>poscerent,</span> <span class='ocrx_word' id='word_1_186' title='bbox 425 1578 612 1620; x_wconf 84' lang='lat' dir='ltr'>quantum</span> <span class='ocrx_word' id='word_1_187' title='bbox 637 1570 696 1608; x_wconf 86' lang='lat' dir='ltr'>vix</span> <span class='ocrx_word' id='word_1_188' title='bbox 722 1569 810 1608; x_wconf 85' lang='lat' dir='ltr'>dare</span> <span class='ocrx_word' id='word_1_189' title='bbox 834 1577 983 1618; x_wconf 88' lang='lat' dir='ltr'>poterat</span> <span class='ocrx_word' id='word_1_190' title='bbox 1006 1568 1196 1607; x_wconf 84' lang='lat' dir='ltr'>universis.</span> 
     </span>
    </p>
   </div>
   <div class='ocr_carea' id='block_1_7' title="bbox 65 1635 1354 2305">
    <p class='ocr_par' dir='ltr' id='par_1_8' title="bbox 65 1635 1354 2305">
     <span class='ocr_line' id='line_1_23' title="bbox 122 1635 1343 1688; baseline -0.003 -8"><span class='ocrx_word' id='word_1_191' title='bbox 122 1639 245 1680; x_wconf 88' lang='lat' dir='ltr'><strong>XLII.</strong></span> <span class='ocrx_word' id='word_1_192' title='bbox 262 1640 316 1678; x_wconf 82' lang='lat' dir='ltr'>Ex</span> <span class='ocrx_word' id='word_1_193' title='bbox 335 1637 574 1688; x_wconf 60' lang='lat' dir='ltr'>Pompeianis</span> <span class='ocrx_word' id='word_1_194' title='bbox 594 1646 726 1686; x_wconf 83' lang='lat' dir='ltr'>praeter</span> <span class='ocrx_word' id='word_1_195' title='bbox 748 1637 865 1676; x_wconf 85' lang='lat' dir='ltr'>duces</span> <span class='ocrx_word' id='word_1_196' title='bbox 883 1635 1025 1676; x_wconf 83' lang='lat' dir='ltr'>consilii</span> <span class='ocrx_word' id='word_1_197' title='bbox 1045 1636 1205 1676; x_wconf 87' lang='lat' dir='ltr'>Brutum</span> <span class='ocrx_word' id='word_1_198' title='bbox 1229 1646 1343 1687; x_wconf 79' lang='lat' dir='ltr'>atque</span> 
     </span>
     <span class='ocr_line' id='line_1_24' title="bbox 66 1699 1350 1748; baseline -0.004 -6"><span class='ocrx_word' id='word_1_199' title='bbox 66 1701 232 1742; x_wconf 73' lang='lat' dir='ltr'>Cassium</span> <span class='ocrx_word' id='word_1_200' title='bbox 250 1732 260 1748; x_wconf 90' lang='lat'>‚</span> <span class='ocrx_word' id='word_1_201' title='bbox 287 1701 325 1740; x_wconf 93' lang='lat' dir='ltr'>L.</span> <span class='ocrx_word' id='word_1_202' title='bbox 346 1699 508 1747; x_wconf 80' lang='lat' dir='ltr'>Cassius,</span> <span class='ocrx_word' id='word_1_203' title='bbox 537 1699 621 1747; x_wconf 78' lang='lat' dir='ltr'>Caji</span> <span class='ocrx_word' id='word_1_204' title='bbox 653 1699 789 1745; x_wconf 87' lang='lat' dir='ltr'>frater,</span> <span class='ocrx_word' id='word_1_205' title='bbox 818 1699 888 1738; x_wconf 87' lang='lat' dir='ltr'>Cn.</span> <span class='ocrx_word' id='word_1_206' title='bbox 911 1699 1103 1738; x_wconf 86' lang='lat' dir='ltr'>Domitius</span> <span class='ocrx_word' id='word_1_207' title='bbox 1128 1699 1350 1738; x_wconf 83' lang='lat' dir='ltr'>Ahenobar-</span> 
     </span>
     <span class='ocr_line' id='line_1_25' title="bbox 67 1760 1347 1810; baseline -0.003 -7"><span class='ocrx_word' id='word_1_208' title='bbox 67 1765 160 1810; x_wconf 85' lang='lat' dir='ltr'>bus,</span> <span class='ocrx_word' id='word_1_209' title='bbox 185 1764 222 1802; x_wconf 88' lang='lat' dir='ltr'>P.</span> <span class='ocrx_word' id='word_1_210' title='bbox 245 1760 463 1808; x_wconf 83' lang='lat' dir='ltr'>Turullius,</span> <span class='ocrx_word' id='word_1_211' title='bbox 484 1761 640 1807; x_wconf 83' lang='lat' dir='ltr'>Atilius,</span> <span class='ocrx_word' id='word_1_212' title='bbox 662 1761 884 1806; x_wconf 85' lang='lat' dir='ltr'>Petronius,</span> <span class='ocrx_word' id='word_1_213' title='bbox 912 1762 954 1799; x_wconf 88' lang='lat' dir='ltr'>C.</span> <span class='ocrx_word' id='word_1_214' title='bbox 984 1760 1184 1800; x_wconf 88' lang='lat' dir='ltr'>Cornelius</span> <span class='ocrx_word' id='word_1_215' title='bbox 1201 1761 1347 1810; x_wconf 84' lang='lat' dir='ltr'>Cinna,</span> 
     </span>
     <span class='ocr_line' id='line_1_26' title="bbox 69 1823 1345 1872; baseline -0.003 -6"><span class='ocrx_word' id='word_1_216' title='bbox 69 1826 211 1866; x_wconf 83' lang='lat' dir='ltr'>Caffius</span> <span class='ocrx_word' id='word_1_217' title='bbox 239 1823 467 1871; x_wconf 79' lang='lat' dir='ltr'>Parmensis,</span> <span class='ocrx_word' id='word_1_218' title='bbox 495 1823 672 1862; x_wconf 85' lang='lat' dir='ltr'>Caecilius</span> <span class='ocrx_word' id='word_1_219' title='bbox 698 1825 734 1862; x_wconf 81' lang='lat'>&amp;</span> <span class='ocrx_word' id='word_1_220' title='bbox 757 1823 975 1862; x_wconf 84' lang='lat' dir='ltr'>Bucilianus</span> <span class='ocrx_word' id='word_1_221' title='bbox 1000 1824 1154 1872; x_wconf 88' lang='lat' dir='ltr'>fratres,</span> <span class='ocrx_word' id='word_1_222' title='bbox 1179 1825 1345 1864; x_wconf 78' lang='lat' dir='ltr'>Rubrius</span> 
     </span>
     <span class='ocr_line' id='line_1_27' title="bbox 65 1886 1347 1939; baseline -0.001 -12"><span class='ocrx_word' id='word_1_223' title='bbox 65 1890 202 1939; x_wconf 88' lang='lat' dir='ltr'>Ruga,</span> <span class='ocrx_word' id='word_1_224' title='bbox 228 1888 277 1936; x_wconf 73' lang='lat' dir='ltr'>Q.</span> <span class='ocrx_word' id='word_1_225' title='bbox 302 1888 493 1938; x_wconf 80' lang='lat' dir='ltr'>Ligarius,</span> <span class='ocrx_word' id='word_1_226' title='bbox 510 1886 563 1925; x_wconf 84' lang='lat' dir='ltr'>M.</span> <span class='ocrx_word' id='word_1_227' title='bbox 591 1887 773 1935; x_wconf 86' lang='lat' dir='ltr'>Spurius,</span> <span class='ocrx_word' id='word_1_228' title='bbox 806 1886 840 1926; x_wconf 87' lang='lat' dir='ltr'>P.</span> <span class='ocrx_word' id='word_1_229' title='bbox 866 1887 1016 1925; x_wconf 79' lang='lat' dir='ltr'>Sextius</span> <span class='ocrx_word' id='word_1_230' title='bbox 1046 1886 1168 1934; x_wconf 75' lang='lat' dir='ltr'>Naso,</span> <span class='ocrx_word' id='word_1_231' title='bbox 1193 1887 1347 1926; x_wconf 78' lang='lat' dir='ltr'>Pontius</span> 
     </span>
     <span class='ocr_line' id='line_1_28' title="bbox 72 1947 1351 1999; baseline -0.002 -10"><span class='ocrx_word' id='word_1_232' title='bbox 72 1949 217 1999; x_wconf 85' lang='lat' dir='ltr'>Aquila.</span> <span class='ocrx_word' id='word_1_233' title='bbox 242 1948 315 1987; x_wconf 90' lang='lat' dir='ltr'>Sed</span> <span class='ocrx_word' id='word_1_234' title='bbox 335 1947 560 1987; x_wconf 85' lang='lat' dir='ltr'>Ciceronem</span> <span class='ocrx_word' id='word_1_235' title='bbox 576 1976 587 1993; x_wconf 90' lang='lat'>,</span> <span class='ocrx_word' id='word_1_236' title='bbox 603 1948 650 1985; x_wconf 85' lang='lat' dir='ltr'>de</span> <span class='ocrx_word' id='word_1_237' title='bbox 665 1948 774 1994; x_wconf 87' lang='lat' dir='ltr'>cujus</span> <span class='ocrx_word' id='word_1_238' title='bbox 790 1958 912 1996; x_wconf 85' lang='lat' dir='ltr'>neque</span> <span class='ocrx_word' id='word_1_239' title='bbox 935 1947 1024 1993; x_wconf 79' lang='lat' dir='ltr'>fide,</span> <span class='ocrx_word' id='word_1_240' title='bbox 1042 1960 1166 1998; x_wconf 87' lang='lat' dir='ltr'>neque</span> <span class='ocrx_word' id='word_1_241' title='bbox 1182 1947 1351 1986; x_wconf 85' lang='lat' dir='ltr'>benevo-</span> 
     </span>
     <span class='ocr_line' id='line_1_29' title="bbox 70 2005 1352 2058; baseline -0.002 -9"><span class='ocrx_word' id='word_1_242' title='bbox 70 2009 186 2049; x_wconf 85' lang='lat' dir='ltr'>lentia</span> <span class='ocrx_word' id='word_1_243' title='bbox 210 2007 454 2054; x_wconf 85' lang='lat' dir='ltr'>dubitarunt,</span> <span class='ocrx_word' id='word_1_244' title='bbox 478 2007 601 2046; x_wconf 73' lang='lat' dir='ltr'>celare</span> <span class='ocrx_word' id='word_1_245' title='bbox 627 2005 824 2045; x_wconf 80' lang='lat' dir='ltr'>confilium</span> <span class='ocrx_word' id='word_1_246' title='bbox 858 2007 1098 2056; x_wconf 84' lang='lat' dir='ltr'>maluerunt,</span> <span class='ocrx_word' id='word_1_247' title='bbox 1122 2008 1352 2058; x_wconf 84' lang='lat' dir='ltr'>circumspe-</span> 
     </span>
     <span class='ocr_line' id='line_1_30' title="bbox 72 2070 1354 2120; baseline -0.002 -8"><span class='ocrx_word' id='word_1_248' title='bbox 72 2075 173 2112; x_wconf 70' lang='lat' dir='ltr'>Ctam</span> <span class='ocrx_word' id='word_1_249' title='bbox 198 2071 292 2109; x_wconf 86' lang='lat' dir='ltr'>senis</span> <span class='ocrx_word' id='word_1_250' title='bbox 309 2070 548 2120; x_wconf 84' lang='lat' dir='ltr'>prudentiam</span> <span class='ocrx_word' id='word_1_251' title='bbox 573 2070 678 2107; x_wconf 86' lang='lat' dir='ltr'>veriti</span> <span class='ocrx_word' id='word_1_252' title='bbox 692 2099 703 2117; x_wconf 90' lang='lat'>,</span> <span class='ocrx_word' id='word_1_253' title='bbox 722 2070 881 2108; x_wconf 89' lang='lat' dir='ltr'>minime</span> <span class='ocrx_word' id='word_1_254' title='bbox 897 2080 1023 2120; x_wconf 83' lang='lat' dir='ltr'>aptam</span> <span class='ocrx_word' id='word_1_255' title='bbox 1041 2071 1195 2120; x_wconf 85' lang='lat' dir='ltr'>negotio</span> <span class='ocrx_word' id='word_1_256' title='bbox 1209 2101 1219 2117; x_wconf 93' lang='lat'>,</span> <span class='ocrx_word' id='word_1_257' title='bbox 1245 2070 1354 2120; x_wconf 84' lang='lat' dir='ltr'>quod</span> 
     </span>
     <span class='ocr_line' id='line_1_31' title="bbox 72 2131 1354 2182; baseline -0.001 -9"><span class='ocrx_word' id='word_1_258' title='bbox 72 2134 305 2173; x_wconf 84' lang='lat' dir='ltr'>celeritatem</span> <span class='ocrx_word' id='word_1_259' title='bbox 330 2134 364 2171; x_wconf 80' lang='lat'>&amp;</span> <span class='ocrx_word' id='word_1_260' title='bbox 381 2134 565 2181; x_wconf 87' lang='lat' dir='ltr'>impetum</span> <span class='ocrx_word' id='word_1_261' title='bbox 582 2131 796 2182; x_wconf 86' lang='lat' dir='ltr'>requireret.</span> <span class='ocrx_word' id='word_1_262' title='bbox 820 2133 893 2172; x_wconf 91' lang='lat' dir='ltr'>Sed</span> <span class='ocrx_word' id='word_1_263' title='bbox 913 2136 946 2171; x_wconf 81' lang='lat'>&amp;</span> <span class='ocrx_word' id='word_1_264' title='bbox 963 2132 1154 2172; x_wconf 86' lang='lat' dir='ltr'>Statilium</span> <span class='ocrx_word' id='word_1_265' title='bbox 1175 2134 1211 2172; x_wconf 72' lang='grc' dir='ltr'>δε</span> <span class='ocrx_word' id='word_1_266' title='bbox 1226 2133 1354 2172; x_wconf 74' lang='lat' dir='ltr'>Pavo—</span> 
     </span>
     <span class='ocr_line' id='line_1_32' title="bbox 72 2194 1353 2243; baseline -0.001 -8"><span class='ocrx_word' id='word_1_267' title='bbox 72 2198 202 2242; x_wconf 87' lang='lat' dir='ltr'>nium,</span> <span class='ocrx_word' id='word_1_268' title='bbox 222 2196 317 2235; x_wconf 83' lang='lat' dir='ltr'>duos</span> <span class='ocrx_word' id='word_1_269' title='bbox 332 2194 489 2234; x_wconf 87' lang='lat' dir='ltr'>Catonis</span> <span class='ocrx_word' id='word_1_270' title='bbox 505 2194 687 2243; x_wconf 84' lang='lat' dir='ltr'>aemulos,</span> <span class='ocrx_word' id='word_1_271' title='bbox 713 2206 793 2233; x_wconf 88' lang='lat' dir='ltr'>non</span> <span class='ocrx_word' id='word_1_272' title='bbox 821 2194 998 2233; x_wconf 86' lang='lat' dir='ltr'>adhibuit</span> <span class='ocrx_word' id='word_1_273' title='bbox 1021 2195 1181 2242; x_wconf 89' lang='lat' dir='ltr'>Brutus,</span> <span class='ocrx_word' id='word_1_274' title='bbox 1208 2204 1353 2234; x_wconf 77' lang='lat' dir='ltr'>tentata</span> 
     </span>
     <span class='ocr_line' id='line_1_33' title="bbox 75 2255 1353 2305; baseline -0.002 -8"><span class='ocrx_word' id='word_1_275' title='bbox 75 2257 347 2297; x_wconf 74' lang='lat' dir='ltr'>dissimulanter</span> <span class='ocrx_word' id='word_1_276' title='bbox 376 2255 568 2305; x_wconf 82' lang='lat' dir='ltr'>utriusque</span> <span class='ocrx_word' id='word_1_277' title='bbox 599 2255 807 2303; x_wconf 85' lang='lat' dir='ltr'>sententia,</span> <span class='ocrx_word' id='word_1_278' title='bbox 838 2257 929 2295; x_wconf 89' lang='lat' dir='ltr'>durn</span> <span class='ocrx_word' id='word_1_279' title='bbox 968 2258 1065 2295; x_wconf 88' lang='lat' dir='ltr'>inter</span> <span class='ocrx_word' id='word_1_280' title='bbox 1089 2255 1280 2295; x_wconf 84' lang='lat' dir='ltr'>sermones</span> <span class='ocrx_word' id='word_1_281' title='bbox 1305 2258 1353 2295; x_wconf 81' lang='lat' dir='ltr'>de</span> 
     </span>
    </p>
   </div>
   <div class='ocr_carea' id='block_1_8' title="bbox 74 2319 1356 2373">
    <p class='ocr_par' dir='ltr' id='par_1_9' title="bbox 74 2319 1356 2373">
     <span class='ocr_line' id='line_1_34' title="bbox 74 2319 1356 2373; baseline -0.003 -12"><span class='ocrx_word' id='word_1_282' title='bbox 74 2321 316 2373; x_wconf 87' lang='lat' dir='ltr'>philosophia</span> <span class='ocrx_word' id='word_1_283' title='bbox 331 2320 480 2360; x_wconf 84' lang='lat' dir='ltr'>elicitur</span> <span class='ocrx_word' id='word_1_284' title='bbox 501 2319 711 2368; x_wconf 76' lang='lat' dir='ltr'>Favonius,</span> <span class='ocrx_word' id='word_1_285' title='bbox 728 2332 767 2358; x_wconf 89' lang='lat' dir='ltr'>ut</span> <span class='ocrx_word' id='word_1_286' title='bbox 790 2321 940 2358; x_wconf 71' lang='lat' dir='ltr'>deterius</span> <span class='ocrx_word' id='word_1_287' title='bbox 955 2320 1017 2373; x_wconf 68' lang='lat' dir='ltr'>effe</span> <span class='ocrx_word' id='word_1_288' title='bbox 1032 2322 1217 2373; x_wconf 78' lang='lat' dir='ltr'>tyrannide</span> <span class='ocrx_word' id='word_1_289' title='bbox 1232 2321 1356 2359; x_wconf 78' lang='lat' dir='ltr'>bellum</span> 
     </span>
    </p>
   </div>
   <div class='ocr_carea' id='block_1_9' title="bbox 84 2464 1353 2563">
    <p class='ocr_par' dir='ltr' id='par_1_10' title="bbox 84 2464 1353 2563">
     <span class='ocr_line' id='line_1_35' title="bbox 129 2464 1353 2510; baseline 0.001 -13"><span class='ocrx_word' id='word_1_290' title='bbox 129 2465 152 2509; x_wconf 67' lang='grc' dir='ltr'><strong>ς</strong></span> <span class='ocrx_word' id='word_1_291' title='bbox 175 2464 245 2497; x_wconf 89' lang='lat' dir='ltr'>XL.</span> <span class='ocrx_word' id='word_1_292' title='bbox 268 2465 414 2510; x_wconf 86' lang='lat' dir='ltr'>Appian.</span> <span class='ocrx_word' id='word_1_293' title='bbox 437 2465 527 2499; x_wconf 80' lang='lat' dir='ltr'>Piut.</span> <span class='ocrx_word' id='word_1_294' title='bbox 553 2465 574 2510; x_wconf 83' lang='lat'><strong>§</strong></span> <span class='ocrx_word' id='word_1_295' title='bbox 599 2465 688 2498; x_wconf 83' lang='lat' dir='ltr'><strong>XLI.</strong></span> <span class='ocrx_word' id='word_1_296' title='bbox 709 2465 780 2498; x_wconf 81' lang='lat' dir='ltr'>Cic.</span> <span class='ocrx_word' id='word_1_297' title='bbox 803 2477 864 2508; x_wconf 85' lang='lat' dir='ltr'>pro</span> <span class='ocrx_word' id='word_1_298' title='bbox 890 2466 998 2510; x_wconf 71' lang='lat' dir='ltr'>Ligar.</span> <span class='ocrx_word' id='word_1_299' title='bbox 1025 2467 1167 2499; x_wconf 85' lang='lat' dir='ltr'>Sueton.</span> <span class='ocrx_word' id='word_1_300' title='bbox 1191 2466 1226 2497; x_wconf 84' lang='lat' dir='ltr'>iri</span> <span class='ocrx_word' id='word_1_301' title='bbox 1253 2464 1353 2501; x_wconf 80' lang='lat' dir='ltr'>Galb,</span> 
     </span>
     <span class='ocr_line' id='line_1_36' title="bbox 84 2518 1315 2563; baseline 0.002 -11"><span class='ocrx_word' id='word_1_302' title='bbox 84 2530 114 2552; x_wconf 85' lang='lat' dir='ltr'>c.</span> <span class='ocrx_word' id='word_1_303' title='bbox 134 2528 167 2563; x_wconf 83' lang='lat'>3.</span> <span class='ocrx_word' id='word_1_304' title='bbox 189 2518 334 2563; x_wconf 81' lang='lat' dir='ltr'>Appian.</span> <span class='ocrx_word' id='word_1_305' title='bbox 358 2518 549 2554; x_wconf 74' lang='lat' dir='ltr'>Casaubon.</span> <span class='ocrx_word' id='word_1_306' title='bbox 567 2520 607 2553; x_wconf 75' lang='lat' dir='ltr'>ad</span> <span class='ocrx_word' id='word_1_307' title='bbox 631 2521 771 2555; x_wconf 76' lang='lat' dir='ltr'>Sueten.</span> <span class='ocrx_word' id='word_1_308' title='bbox 800 2520 885 2556; x_wconf 71' lang='lat' dir='ltr'>Caes.</span> <span class='ocrx_word' id='word_1_309' title='bbox 913 2533 944 2556; x_wconf 85' lang='lat' dir='ltr'>c.</span> <span class='ocrx_word' id='word_1_310' title='bbox 972 2522 1026 2556; x_wconf 78' lang='lat'>80.</span> <span class='ocrx_word' id='word_1_311' title='bbox 1049 2522 1166 2555; x_wconf 82' lang='lat' dir='ltr'>Senec.</span> <span class='ocrx_word' id='word_1_312' title='bbox 1184 2519 1225 2553; x_wconf 87' lang='lat' dir='ltr'>de</span> <span class='ocrx_word' id='word_1_313' title='bbox 1250 2519 1315 2555; x_wconf 64' lang='lat' dir='ltr'>Ira,</span> 
     </span>
    </p>
   </div>
  </div>
 </body>
</html>
