1685 3042
629 116 637 132 i

310 225 398 272 128
467 224 562 270 JO.
608 207 1519 269 FRE1NSHEM115UPPLEM.

308 335 373 367 aut
388 325 424 364 se
446 325 485 364 in
510 324 658 364 minore
682 324 836 364 fortuna
859 326 943 375 pati
965 339 973 364 :
998 338 1123 375 neque
1146 325 1410 372 committere,
1424 331 1468 363 ut
1486 354 1497 371 ‚
1517 337 1595 375 quo

301 388 460 430 nomine
477 388 612 439 dignus
636 401 657 426 a
679 387 822 428 Caesare
848 388 1041 436 judicatus
1068 387 1221 435 fuiffet‚
1245 400 1291 425 eo
1320 386 1358 425 se
1382 387 1591 437 indignum

303 453 372 493 suo
387 451 534 501 judicio
549 450 630 502 ipse
644 451 839 490 fateretur.
869 449 1077 489 Consilium
1090 480 1106 497 ,
1130 449 1254 499 prima
1275 448 1404 487 fronte
1419 447 1592 488 calidum

306 518 343 556 δι
357 516 505 562 audax,
525 513 726 564 postquam
750 511 954 563 processu,
971 517 1040 565 (ut
1052 512 1101 550 ab
1115 520 1256 550 eventu
1271 511 1446 561 judicare
1469 511 1598 550 horni-

303 592 373 618 nes
388 577 543 631 solent)
573 590 643 627 pro
677 575 963 626 prudentissimo
996 574 1197 625 vulgatum
1232 575 1307 615 est:
1334 573 1506 624 visusque
1529 573 1596 612 ille

305 641 481 693 quolibet
502 642 642 689 juvene
663 637 851 688 promtius
880 635 1100 686 susceptum
1131 637 1394 688 propositum,
1420 634 1598 686 quolibet:

304 705 397 744 sene
421 704 568 743 cautius
599 701 673 741 effe
695 700 908 740 exsecutus.

373 768 461 808 XV.
508 767 596 806 Hoc
627 774 757 804 tamen
795 764 888 803 Atiae
923 763 1116 802 monitum
1145 776 1225 802 non
1256 762 1420 813 sprevit,
1446 773 1485 800 ut
1509 762 1599 799 inm

306 831 414 869 initia
429 839 627 881 temperaret
646 828 763 866 animo
777 856 788 871 ,
815 839 921 877 neque
947 837 1052 863 rueret
1065 856 1077 872 ‚
1096 826 1165 875 nisi
1185 825 1284 863 rebus
1300 825 1454 877 paratis.
1477 823 1601 863 Idcir-

310 906 358 932 co
385 894 426 931 in
451 892 585 930 itinere
607 889 871 928 confluentem
891 888 939 927 ad
964 887 1001 926 se
1027 886 1178 926 turbam
1207 886 1369 926 mitibus
1393 884 1603 924 verbis-ab·

309 955 476 1006 legando
490 983 501 1002 ,
518 965 607 991 cum
629 951 815 990 mediocri
842 949 1030 988 comitatu
1046 949 1200 989 accessit
1221 950 1271 988 ad
1293 948 1427 988 urbem
1445 961 1454 987 :
1474 949 1509 987 &
1530 960 1604 998 po·

309 1020 387 1058 {tea
408 1028 561 1067 quoque
583 1015 677 1052 nihil
696 1014 860 1053 ostendit
878 1014 918 1066 fi:
939 1014 1065 1051 iratum
1086 1012 1338 1065 percuffbribus
1349 1027 1366 1059 ,·
1391 1025 1452 1048 nec
1465 1012 1603 1063 ignom-

309 1097 344 1121 re
356 1112 368 1130 ,
381 1081 514 1133 aequius
526 1077 590 1131 effi
602 1107 614 1126 ,
633 1089 671 1115 ut
686 1078 759 1129 ipse
776 1078 874 1130 prior
883 1077 932 1115 ad
945 1077 1139 1113 Antonium
1150 1104 1162 1123 ‚
1180 1075 1382 1127 adolescens
1400 1075 1450 1111 ad
1464 1074 1576 1110 virum
1591 1100 1604 1120 ,

306 1146 472 1198 privatus
502 1144 552 1181 ad
572 1142 742 1194 consulem
771 1153 837 1173 aar⁴
866 1139 1046 1178 Postridie
1076 1138 1118 1177 C.
1140 1139 1308 1177 Antonio
1339 1148 1498 1187 praetore
1521 1134 1605 1174 adi-

309 1219 379 1255 m,
410 1205 595 1257 Pl-‘Ofeffils
627 1197 707 1242 est»
737 1198 787 1234 ad
811 1196 1031 1236 hereditatem
1055 1202 1089 1249 fe
1113 1201 1260 1253 Coesaris
1288 1201 1408 1247 adire,
1431 1199 1605 1250 suscipere
1634 1194 1637 1198 '

310 1276 434 1301 ,nomeu
446 1284 463 1308 ,-
477 1266 591 1309 idque
607 1257 769 1297 relatum
791 1258 829 1295 in
845 1259 928 1296 asta
954 1257 1122 1307 publica.
1154 1262 1405 1297 contine-nter
1424 1255 1564 1294 deinde
1580 1267 1603 1293 a

309 1326 397 1363 {oro
433 1320 603 1372 perrexit
637 1319 687 1358 ad
723 1319 776 1359 Μ.
805 1318 1013 1357 Antonium
1048 1316 1244 1356 consulem
1276 1317 1315 1355 in
1347 1316 1602 1366 PompeJanos

310 1386 471 1434 hort083
496 1395 620 1433 neque
642 1381 765 1420 statim
793 1380 999 1427 admissus,
1028 1379 1276 1419 dissimulavit
1304 1378 1507 1428 injuriam,
1524 1378 1605 1429 pla-

314 1447 481 1495 cidoque
509 1446 544 1485 Sc
568 1442 747 1482 familiari
780 1441 978 1491 colloquio
1003 1443 1115 1491 petiit
1135 1442 1310 1480 auxilium
1334 1441 1501 1493 adversus
1527 1455 1608 1493 per-

311 1504 458 1557 cuffivres
483 1503 664 1543 avunculi.
692 1502 833 1541 deinde
858 1504 893 1540 &
920 1502 1161 1540 mentionem
1193 1500 1418 1551 interposuit
1442 1502 1483 1538 de
1502 1513 1606 1553 pecu-

314 1569 402 1612 nia,
427 1577 496 1616 qua
513 1562 585 1613 fibi
611 1574 704 1613 opus
733 1561 782 1597 ad
808 1561 927 1612 legata
960 1574 1005 1597 ex
1040 1562 1234 1613 testamento
1267 1562 1382 1613 patris
1409 1562 1605 1614 praestatzda

318 1629 407 1682 effit.

373 1688 480 1731 XVI.
510 1686 725 1733 Antonius,
751 1684 825 1723 hac
849 1683 1021 1722 oratione
1047 1682 1295 1723 vehementer
1318 1683 1513 1732 offensus,
1543 1683 1609 1734 qui

317 1767 399 1793 non
430 1749 549 1791 modo
585 1748 801 1800 depositum
825 1761 845 1786 a
870 1747 1075 1798 Calpurnia
1106 1747 1243 1786 miilies
1284 1747 1491 1786 sestertium
1518 1747 1608 1786 reti-

318 1815 461 1860 nebat,
484 1812 549 1852 sed
568 1811 720 1862 insuper
743 1823 899 1849 onmem
917 1841 927 1858 ,
958 1824 1039 1860 quae
1070 1810 1192 1849 ubivis
1213 1810 1328 1857 esset,
1353 1810 1608 1849 hereditatem

316 1874 511 1915 lacerabat
528 1874 661 1921 furtis,
685 1876 720 1913 ἃ
748 1874 787 1912 in
809 1874 1006 1924 praesentia
1033 1873 1227 1924 respondit
1255 1873 1385 1911 durius
1402 1902 1413 1920 ‚
1449 1874 1484 1912 ἃ
1507 1872 1610 1921 post-

318 1952 366 1978 ea
389 1950 542 1988 quoque
563 1936 689 1987 legem
717 1938 899 1975 curiatam
929 1936 978 1974 de
1006 1936 1215 1985 adoptione
1249 1935 1398 1982 ferens,
1427 1934 1607 1973 consulto

322 1999 492 2038 extraxit
511 1999 712 2049 negotium
733 1998 879 2037 cunctis
900 1998 1067 2045 artibu83
1094 1996 1315 2036 submississ'e
1345 1997 1459 2035 etiam
1487 1995 1610 2036 tribu-

321 2074 394 2102 nos
425 2059 548 2111 plebis
579 2060 771 2107 creditus,
793 2061 860 2110 qui
895 2069 1075 2099 vetarent.
1116 2060 1186 2100 His
1213 2060 1404 2098 excitatus
1438 2059 1606 2107 injuriis,

324 2125 537 2172 adjungere
566 2121 632 2161 fibi
655 2121 811 2173 plebem
837 2122 987 2169 statuit,
1016 2122 1117 2172 apud
1150 2134 1266 2171 quam
1295 2133 1433 2171 magna
1457 2119 1610 2159 Caesari<

323 2194 405 2223 erat
437 2186 645 2231 memoria,
678 2197 861 2234 maguum
894 2185 1027 2223 odium
1059 2183 1237 2232 Antonii,
1262 2185 1327 2233 qui
1362 2194 1496 2221 necem
1527 2183 1609 2230 ejus

323 2247 544 2293 vindicare,
573 2258 662 2285 cum
697 2246 839 2297 postet,
867 2245 1056 2285 noluisset.
1088 2246 1209 2296 Igitur
1239 2247 1279 2284 in
1307 2245 1438 2284 locum
1483 2244 1608 2285 Helvii

325 2312 459 2351 Cinnae
485 2310 722 2350 tribunatum
747 2309 1020 2349 dissimulanter
1046 2309 1191 2349 ambire
1211 2309 1354 2358 coepit,
1377 2320 1609 2358 quamquam

326 2374 534 2426 patricius,
559 2372 728 2412 necdum
750 2370 923 2412 senator:
955 2373 991 2411 <Sc
1014 2383 1079 2422 per
1105 2370 1166 2410 Ti.
1186 2369 1393 2409 Canutium
1413 2368 1611 2407 tribunum

375 2500 398 2544 §
422 2499 516 2532 XIV.
549 2499 696 2542 Aipian.
725 2498 850 2544 Vellej.
877 2497 958 2535 Dio.
993 2497 1016 2542 §
1044 2495 1120 2531 XV.
1141 2495 1221 2530 Dio.
1247 2495 1318 2530 Cic.
1347 2494 1388 2528 ad
1410 2493 1518 2528 Λαὶς.
1547 2492 1610 2535 16,

334 2556 385 2583 14.
413 2546 558 2588 Appiam.
610 2546 656 2578 iv.
681 2543 770 2588 Epir.
