1685 3042
122 221 438 273 JO.FRE1NS.
451 221 605 270 SUPP.
621 219 686 265 IN
703 218 846 267 LOC.
864 221 912 266 L.
930 220 1114 270 CXVII.
1133 223 1244 269 LIV.
1279 240 1330 272 12
1339 239 1365 285 3

98 390 129 432 Ι.
159 343 247 431 O
263 403 285 432 c
304 402 326 432 c
342 401 359 431 1
375 401 395 431 s
413 400 440 430 o
470 386 613 428 Caesare
628 416 639 435 ,
671 398 760 425 cum
786 385 974 425 immenso
1000 387 1288 429 interfectorum
1312 402 1374 429 er-

101 465 188 492 rore
219 454 347 504 potius
382 450 528 492 sublata
556 461 686 489 recens
718 447 951 499 respublica,
983 462 1096 499 quam
1125 452 1286 492 restituta
1314 466 1376 491 ve-

100 519 161 554 tus
188 514 301 562 effet3
327 513 418 564 spe,
435 520 565 559 metu,
589 510 876 559 sollicitudine,
902 512 1115 552 rumoribus
1146 514 1278 552 omnia
1305 515 1376 552 mi-

98 575 309 616 scebantur.
345 574 496 624 Quibus
530 572 742 611 dominatio
766 570 873 611 lucro
901 572 1046 619 fuerat,
1070 572 1265 612 assertores
1291 578 1374 623 ejus

98 637 310 688 respicere,
337 636 491 683 fovere,
527 635 641 674 etiam
669 635 898 674 incendere:
924 648 1156 685 quamquam
1180 637 1219 675 id
1246 636 1376 687 palam

97 709 174 748 prae
201 696 239 736 se
271 697 418 736 ferebat
443 709 570 736 nemO.
606 695 774 746 Lepidus
795 697 829 736 Sc
859 696 1047 736 Antonius
1076 697 1220 735 amicos
1255 698 1377 747 magis

101 758 254 799 Caesaris
271 789 282 808 ‚
317 772 430 810 quam
455 757 595 797 ultores
623 756 919 807 profitebantur,
953 770 1024 796 nec
1043 757 1108 808 ipsi
1135 757 1294 797 fidentes
1319 759 1378 797 in-

98 822 253 868 vicem,
270 823 304 861 &
324 820 464 868 nescii,
489 818 668 870 quorsum
693 818 847 858 evasura
870 818 1063 870 praesentia
1086 819 1234 859 forent:
1268 819 1290 857 fi
1314 832 1375 858 ca-

99 882 160 922 sus
195 880 329 930 daret,
357 895 434 922 non
457 881 581 922 ausuri
609 881 775 928 leviora,
807 894 921 930 quam
945 880 1065 921 Caesar
1090 880 1374 929 concupiverat.

100 944 356 992 percussores,
369 944 470 984 sacro
492 942 559 982 suo
584 941 682 990 laeti,
696 942 922 991 Patrumque
941 941 1117 981 laudibus
1133 941 1243 980 ereffl
1258 972 1268 986 ‚
1283 942 1378 982 dum

97 1007 148 1045 ad
183 1006 418 1045 honestatem
446 1003 609 1045 retulisse
634 1005 766 1043 omnia
798 1004 915 1043 videri
936 1004 1092 1052 volunt,
1124 1003 1375 1054 negligentio-

99 1079 157 1106 res
186 1075 294 1106 erant
317 1068 357 1105 in
383 1066 654 1114 comparandis
680 1065 728 1104 ad
753 1065 911 1104 fortuita
938 1065 1127 1115 praesidiis.

153 1126 201 1167 II.
229 1128 388 1167 Senatus
411 1126 552 1165 discors
567 1155 578 1173 ‚
604 1128 637 1164 ἃ
656 1124 842 1175 plerisque
867 1128 997 1164 omnia
1022 1125 1116 1173 alia,
1135 1138 1249 1174 quam
1269 1137 1377 1166 rem·-

97 1189 297 1241 publicam
321 1187 602 1240 spefflmdbus,
635 1187 869 1226 vindicatam
897 1188 1020 1226 ordini
1046 1187 1270 1238 dignitatem
1294 1202 1374 1239 gra⁴

97 1251 293 1293 tulabatur
331 1250 482 1301 magIS,
527 1261 645 1299 quam,
679 1247 859 1297 usurpare
892 1257 1073 1290 noverat:
1117 1261 1202 1298 pars
1237 1262 1375 1300 magna

99 1311 248 1360 otium,
282 1311 345 1350 alii
374 1311 537 1361 privatas
568 1309 734 1348 rationes
763 1308 956 1358 spectare:
996 1308 1092 1347 nihil
1117 1310 1155 1347 in
1188 1308 1375 1360 plerisque

98 1371 316 1422 gravitatis,
342 1369 440 1410 nihil
462 1371 504 1409 in
531 1368 685 1418 reliquis
716 1370 902 1419 potentiae
936 1368 1023 1408 esse.
1062 1369 1208 1409 Milites
1237 1384 1375 1421 magna

98 1434 251 1474 Caesaris
276 1433 542 1479 veneratione,
559 1429 671 1470 hunc'
687 1444 807 1471 unum
831 1431 1019 1471 anteferre
1045 1432 1244 1480 omnibus3
1271 1445 1378 1473 cete-

96 1508 158 1535 ros
190 1495 411 1546 despicere:
440 1493 548 1534 bellis
575 1492 751 1534 civilibus
788 1502 1035 1532 contemnere
1057 1493 1246 1542 senatum,
1274 1496 1375 1538 odis.

95 1557 133 1598 se
153 1558 340 1607 patriam,
373 1555 498 1596 facere
522 1554 703 1604 injurias,
731 1554 810 1593 vim
832 1556 867 1595 ἃς
895 1567 997 1594 arma
1026 1555 1195 1595 minitari
1220 1556 1377 1596 didice-

95 1629 193 1659 rant.
219 1619 328 1670 plebs
355 1617 449 1657 olim
478 1624 679 1666 corrupta,
701 1615 815 1666 seque
839 1618 874 1656 ἃ
893 1616 1171 1667 rempublicam
1196 1618 1372 1661 venalem

97 1680 239 1720 habere
265 1680 404 1725 docta,
434 1690 559 1719 rerum
590 1685 799 1716 ceterarum
831 1690 936 1728 aeque
969 1678 1144 1728 imperita
1173 1691 1217 1717 ac
1244 1680 1385 1731 neglioe,

98 1756 218 1794 gens,
245 1740 472 1784 turbulentis
501 1738 666 1778 vocibus
691 1738 878 1789 strepere:
913 1739 1027 1789 pauci
1057 1741 1230 1779 omnium
1267 1744 1372 1783 ordi·

96 1818 191 1844 num
211 1803 326 1850 boni,
349 1800 542 1852 praesentia
570 1800 670 1839 mala
694 1800 832 1840 deflere
859 1802 1001 1851 magis,
1022 1814 1136 1851 quam
1164 1805 1370 1848 emendare

98 1873 283 1917 poterant.
307 1863 510 1914 Quidlibet
532 1871 662 1901 tamen
687 1862 816 1912 potius
846 1864 995 1910 evenit,
1028 1876 1144 1913 quam
1169 1866 1274 1914 quod
1304 1879 1372 1907 ex-

94 1926 361 1980 spec‘tabatur,
395 1934 438 1964 ut
465 1936 590 1973 neque
616 1922 827 1973 respublica
860 1923 1057 1974 pristinum
1089 1925 1224 1965 statum
1263 1940 1374 1967 tecue

94 1996 268 2041 peraret,
307 1999 431 2037 neque
463 1984 530 2024 ulli
559 1984 722 2033 horum,
759 1985 823 2035 qui
852 1984 1056 2027 hominum
1084 1988 1268 2038 opinione
1299 1992 1372 2031 do-

95 2052 190 2091 mini
215 2048 518 2096 destinabantur,
547 2046 779 2088 succederet.

149 2112 217 2153 ΙΙΙ.
238 2111 280 2151 C.
304 2110 487 2150 Ostavius
508 2108 678 2153 civilium
708 2108 815 2148 simul
846 2117 960 2160 atque
984 2110 1205 2152 militarium
1230 2113 1367 2154 artium

94 2173 227 2214 studiis
252 2171 400 2210 sextum
421 2173 498 2219 jam
527 2171 694 2214 mensem
720 2172 896 2221 vacabat,
913 2174 1087 2224 magistro
1114 2175 1266 2215 dicendi
1283 2178 1368 2219 usus

85 2234 334 2286 -Apollodoro
361 2234 615 2284 Pergameno;
644 2247 758 2284 quem
781 2236 859 2283 jam
892 2237 1074 2286 grandem
1103 2246 1214 2285 natu,
1238 2252 1286 2278 ex
1308 2253 1366 2278 ur-

94 2293 144 2336 be
171 2293 298 2334 secum
326 2294 571 2344 Apolloniam
596 2294 885 2337 Taulantiorum
918 2298 1124 2345 eduxerat,
1159 2298 1364 2347 praemiffiis

96 2356 143 2397 ab
176 2354 365 2394 avunculo
399 2356 447 2395 ad
486 2356 661 2397 Geticum
691 2355 847 2396 bellum.
886 2356 1037 2396 Circum
1065 2357 1164 2398 circa
1193 2357 1362 2408 legiones

143 2472 165 2513 5
190 2472 232 2504 ΙΙ.
254 2473 399 2517 Appian,
426 2474 519 2508 civil.
545 2474 569 2509 1.
592 2484 623 2506 2·
647 2474 787 2507 Sueton.
808 2473 843 2506 in
868 2473 955 2518 Aug.
977 2473 1065 2507 Pir-t.
1085 2473 1119 2506 in
1144 2473 1237 2508 Brut,
1261 2483 1288 2506 c,
1311 2482 1366 2518 322

100 2516 221 2560 Vollej·
249 2528 291 2560 2,
316 2530 368 2562 53).
