1685 3042
301 184 401 242 300
467 174 560 222 so,
600 173 1095 223 FREINSHEMH
1140 176 1494 226 SUPPLEM.

306 294 384 332 que
406 294 454 321 ex
477 281 614 322 itinere
638 283 730 322 dare
751 281 879 322 literas
904 283 954 322 ad
975 282 1149 322 senatum
1179 294 1401 335 cogeretur,
1421 299 1470 326 ne
1488 286 1588 327 forte

305 344 371 393 qui
410 352 537 392 motus
567 344 609 384 in
636 344 756 393 urbe,
787 345 991 396 praesertim
1029 345 1177 396 Lepido
1204 346 1410 397 praesente,
1440 349 1588 388 exfiste-

303 413 416 447 rent:
437 408 617 461 fitpplict'o
649 410 690 447 de
707 407 902 460 parricidis
923 409 1038 459 sumto
1054 436 1066 452 ,
1093 423 1209 446 verum
1241 409 1300 460 ff
1329 410 1420 448 Diis
1448 410 1591 449 immor-

303 469 440 508 talibus
467 471 629 509 honorem
651 470 797 517 haberi,
810 469 974 522 pacisque
987 470 1060 521 seri
1079 471 1113 509 6³
1136 470 1323 524 exspec‘lan‘
1346 472 1439 509 bona
1449 487 1466 520 ,·
1479 473 1586 524 suam

304 527 345 567 in
366 530 438 570 lzaec
463 545 603 582 operam
630 530 735 569 enise
759 528 971 580 pollicitus.

365 589 430 630 IV.
472 591 620 631 Eodem
656 603 758 630 anno
793 590 835 629 L.
861 589 1021 629 Plancus
1052 589 1094 629 L.
1127 590 1167 630 F.
1201 590 1354 639 consul,
1379 592 1587 644 imperator⁴

299 651 442 692 iterum
459 682 470 700 ‚
492 653 541 692 de
571 652 762 692 manubiis
793 654 959 692 Saturno
984 650 1174 701 templum
1201 654 1416 694 aedificavit.
1445 655 1586 694 Censo-

303 727 364 754 res
397 715 512 754 etiam
535 715 576 755 L.
604 716 836 763 Antonium,
862 715 900 754 Ρ.
925 714 1161 764 Sulpicium,
1188 715 1316 754 fecisse
1348 715 1505 756 lustrum
1531 731 1588 756 re-

304 777 438 827 perio3
473 776 573 816 forte
606 785 757 818 tantum
787 777 837 815 ad
861 775 963 815 bona
987 775 1130 814 civium
1153 775 1192 813 in
1217 775 1365 814 tabulas
1390 776 1589 818 referenda

304 837 447 884 creati,
472 850 637 887 quorum
670 837 837 876 decimas
875 837 1085 876 Triumviri
1117 836 1166 875 fic
1197 837 1424 887 exigebant,
1454 848 1496 878 ut
1525 839 1588 880 vix

303 899 496 939 decimam
536 899 674 950 cuique
700 899 930 939 facultatum
954 908 1101 949 partem
1135 898 1402 949 relinquerent.
1430 901 1533 942 Tum
1549 904 1587 942 Sc

302 959 344 998 P.
363 959 536 998 Vatinius
568 959 607 999 P.
630 960 670 1000 F.
699 959 902 1010 proconsul
931 960 980 998 de
1003 959 1157 1010 Illyrico
1186 959 1447 1011 triumphavit.
1479 962 1517 1000 in
1542 963 1587 1004 L.

301 1021 500 1070 Antonio,
524 1033 613 1061 cum
645 1023 681 1061 &
720 1020 784 1060 ille
820 1021 1061 1071 triumphum
1091 1021 1297 1071 postularet
1327 1035 1373 1061 ex
1396 1022 1589 1073 Alpibus‚²

300 1082 521 1122 dubitatum
549 1082 624 1132 est,
654 1082 840 1132 quamdiu
883 1081 1056 1121 Fulviam
1090 1082 1285 1122 adversam
1312 1081 1470 1132 habuit;
1502 1096 1586 1134 quae

300 1144 432 1184 socrus
463 1144 640 1191 Caesafis,
665 1157 762 1184 uxor
793 1145 975 1192 Antonii,
1003 1157 1071 1195 per
1100 1143 1237 1183 horum
1266 1143 1498 1194 absentiam,
1519 1145 1589 1186 Le-

302 1207 386 1258 pidi
410 1215 606 1251 contemta
631 1207 804 1257 ignavia,
829 1205 1038 1257 plurimum
1062 1207 1101 1244 in
1122 1206 1317 1257 republica
1341 1206 1527 1258 pollebat.

356 1269 400 1309 V.
431 1269 568 1319 Neque
592 1268 680 1308 sane
707 1276 774 1308 aut
794 1268 962 1319 auspicia
989 1268 1174 1308 habuerat
1199 1268 1338 1308 Lucius
1353 1299 1365 1317 ,
1388 1278 1453 1308 aut
1475 1271 1587 1320 quid-

302 1343 418 1381 quam
441 1329 640 1381 triumpho
667 1331 825 1381 dignum
859 1330 1037 1380 gesserat:
1062 1340 1231 1370 ceterum
1261 1331 1392 1372 Fulvia
1415 1332 1590 1383 placata,

302 1404 429 1441 neque
461 1391 553 1430 huic
591 1404 802 1442 repugnare
840 1404 1033 1441 quoquam
1063 1391 1175 1439 auso,
1216 1391 1301 1432 Kal.
1333 1393 1521 1441 januariis
1548 1395 1589 1435 so

304 1455 342 1494 ἃ
362 1455 399 1494 Ρ.
413 1454 570 1494 Servilio
583 1454 693 1498 Vatia
707 1454 872 1494 Isaurico
889 1453 1029 1491 iterum
1051 1451 1296 1501 consulibus,
1317 1455 1588 1508 triumphavit,

301 1515 415 1555 ausus
440 1515 476 1555 se
501 1515 677 1559 conFerre
702 1514 851 1561 Mario,
868 1514 959 1563 quin
982 1515 1018 1554 δε
1043 1521 1276 1563 anteponere
1291 1544 1303 1562 ,
1324 1519 1417 1567 quod
1440 1518 1588 1556 Marius

303 1578 463 1626 militas,
491 1579 560 1632 ips&
574 1579 700 1632 sponte
718 1579 868 1631 deposito
885 1577 1086 1629 triumphali
1114 1576 1258 1626 habitu,
1279 1578 1439 1629 sennam
1460 1594 1588 1619 convo..

302 1641 452 1692 caffim‘:
477 1642 601 1681 Mario
613 1643 651 1693 fi
660 1640 753 1692 fhrte
777 1654 847 1677 una
877 1640 962 1677 data
985 1653 1110 1677 corona
1136 1638 1236 1690 effic,
1246 1641 1315 1690 fibi
1337 1641 1375 1678 ξς·
1395 1642 1474 1679 alia
1499 1643 1588 1680 mul-

303 1715 366 1749 tae‚
390 1703 424 1740 ἃ
443 1719 466 1742 a
479 1705 610 1756 populo
631 1702 808 1748 tributim,
827 1703 922 1753 quod
939 1714 1019 1739 ame
1037 1700 1076 1752 fi·
1099 1699 1225 1748 fite-‘lum
1245 1701 1322 1753 ψεῖ
1342 1703 1479 1741 nemini.
1508 1703 1587 1743 Sed

304 1763 387 1803 haec
412 1766 517 1815 apud
541 1765 748 1816 prudentes
777 1763 998 1814 ignominiae
1028 1763 1155 1814 Potius
1184 1763 1298 1812 loco,
1323 1778 1436 1814 quam
1468 1765 1589 1805 hone..

305 1826 358 1866 sta
387 1827 651 1875 ducebantut;
676 1827 781 1876 quod
808 1826 890 1866 haec
927 1839 1007 1865 non
1035 1825 1153 1866 Lucio
1188 1826 1295 1872 dari,
1320 1826 1384 1866 sed
1415 1826 1586 1876 fulviae‚

306 1888 468 1928 nesciret
502 1903 648 1938 nemo,
673 1898 739 1927 aut
771 1898 874 1928 certe
907 1896 1129 1939 comparata
1162 1890 1332 1927 nummis
1361 1888 1457 1934 effe,
1490 1902 1586 1938 quos

304 1948 370 1988 ille
396 1951 506 1990 certis
531 1950 756 1990 hominibus
781 1949 999 1988 clanculum
1021 1948 1208 1988 diviserat.
1236 1949 1310 1989 Sed
1336 1950 1497 1990 Lucium
1518 1951 1585 1990 ad-

304 2012 489 2063 jungebat
519 2012 585 2052 fibi
609 2012 762 2060 Fulvia,
797 2011 981 2052 Caesarem
1019 2025 1241 2063 oppugnare
1273 2012 1457 2060 moliens,
1490 2029 1588 2067 quem

298 2071 377 2124 jam
403 2086 474 2110 tum
500 2075 599 2126 apud
633 2074 853 2125 Brundafium
871 2104 882 2122 ‚
907 2074 1124 2115 contumeliis
1158 2075 1193 2114 (ἐν
1217 2073 1354 2126 insidiis
1382 2073 1502 2127 peuffie
1528 2074 1587 2114 di-

305 2133 475 2173 cebatur.

361 2195 426 2236 Vl-
457 2195 605 2236 Idcirco
641 2196 724 2245 ille,
761 2197 979 2237 remittente
1014 2196 1202 2247 paulisper
1230 2195 1391 2243 morbo,
1420 2195 1587 2236 Romam

306 2256 510 2306 regressus,
549 2257 730 2306 fimulac,
759 2271 841 2308 quae
873 2259 1027 2297 decreta
1058 2259 1223 2298 vietoriae
1262 2257 1373 2298 causa
1404 2257 1584 2306 fuerant,

306 2325 440 2360 curata.
463 2316 572 2367 sunt,
596 2319 645 2358 ad
672 2317 948 2369 rempublicam
987 2318 1252 2369 capessendam
1284 2328 1364 2357 toto
1387 2319 1518 2357 animo
1546 2317 1587 2357 se

366 2435 388 2480 §
416 2435 473 2477 111.
498 2435 577 2469 Dio.
607 2437 752 2479 Appian.
785 2436 807 2478 §
833 2436 895 2470 IV.
920 2435 1082 2468 Marmor.
1106 2447 1159 2478 ap.
1188 2436 1282 2481 Pigh.
1303 2437 1340 2470 in
1365 2436 1475 2470 annal.
1500 2435 1585 2470 Sue-

314 2486 388 2514 ton.
405 2480 442 2514 ‘m
465 2480 550 2528 Aug.
573 2492 603 2515 c.
627 2491 680 2524 29.
706 2480 828 2516 Zonar.
855 2482 968 2525 fragg.
997 2481 1148 2525 Capitol.
