1685 3042
288 232 348 279 68
447 227 537 274 JO.
590 221 1086 271 FREINSHEMII
1121 217 1481 266 SUPPLEM.

345 335 484 379 XLVI.
512 333 587 375 Sed
616 332 679 384 qui
705 333 744 370 in
764 328 937 381 praefidio
962 328 1118 377 Ateguae
1143 333 1276 373 erant,
1299 325 1477 365 ferociter
1507 337 1572 364 re·

289 398 539 452 pugnabant,
565 409 645 434 non
669 394 767 433 ferro
794 399 968 437 tantum,
1000 388 1067 428 sed
1091 388 1207 427 etiam
1235 389 1325 438 igne
1353 400 1419 438 per
1441 374 1584 427 omnia·

287 461 444 513 ingenia
464 458 660 506 mittendi,
674 457 712 496 se
733 464 907 502 tuente83
931 453 1058 492 donec
1075 451 1223 502 semper
1242 464 1331 490 cum
1356 451 1497 490 damno
1513 463 1569 489 re·-

289 524 412 576 pum,
434 523 528 562 iram
551 526 744 561 verterunt
769 519 809 556 in
833 515 1077 567 oppidanos,
1102 513 1166 564 qui
1191 512 1324 552 Caesari
1346 513 1473 552 favere
1493 524 1572 551 cre·

290 587 502 627 debantur:
531 596 603 623 nec
629 581 728 633 ipsos
748 579 867 619 modo
891 578 1141 624 occiderunt,
1168 575 1233 615 sed
1258 578 1397 623 etiam,
1419 577 1572 615 auetore

288 646 652 696 Flacco,feminas‚
681 642 826 681 vocatis
850 638 1081 679 nominatim
1108 630 1159 677 ad
1182 637 1439 688 spec‘taculum
1460 638 1572 684 viris,

291 725 386 763 quos
406 710 509 761 apud
537 707 719 748 Caesarem
742 704 816 744 effe
841 702 1038 750 sciebant,
1054 699 1246 751 jugulatas
1267 701 1478 751 praecipites
1498 699 1568 739 mi-

289 775 419 815 serunt
446 774 494 812 de
523 784 661 819 mur03
695 769 861 807 infantes
887 765 1019 819 (dieta
1042 777 1195 815 quoque
1227 764 1409 814 foedum)
1433 764 1574 815 partim

287 838 328 878 in
356 836 507 889 gremiis
531 842 691 873 matrum
718 832 976 878 trucidarunt,
1003 828 1097 868 alios
1133 828 1175 867 in
1202 827 1409 877 conspeetu
1437 840 1573 877 paren-

287 908 374 939 tum
407 906 472 938 aut
510 895 619 934 humi
654 894 893 939 afflixerunt,
929 898 996 929 aut
1021 889 1061 927 in
1092 886 1257 927 sublime
1293 888 1455 936 jactatos
1484 886 1571 926 suh⁵

238 963 241 966 ⁴
288 962 402 1002 reetis
430 966 663 1009 exceperunt
689 956 789 1007 pilis.
834 955 911 995 Sub
938 952 1134 1003 vesperam
1159 951 1330 1002 ejusdem
1362 951 1437 990 diei
1467 950 1574 989 venit

291 1022 343 1061 ad
370 1033 436 1060 eos
467 1019 567 1058 clam
597 1031 619 1057 a
652 1018 837 1067 Pompejo
866 1013 1106 1063 tabellarius,
1141 1025 1252 1052 turres
1275 1027 1494 1067 aggeremque
1518 1015 1575 1062 J‘u-

292 1083 389 1124 bens
409 1082 570 1130 accendi,
596 1081 630 1120 δ’
653 1079 754 1118 tertia
781 1078 914 1131 vigilia
933 1076 1063 1115 tentari
1081 1076 1315 1128 eruptionem:
1334 1075 1376 1128 fic
1396 1079 1488 1113 noae
1503 1087 1576 1113 tota

283 1148 442 1202 ficturum
468 1146 504 1182 in
529 1144 661 1192 armis,
688 1155 726 1180 ut
753 1142 909 1180 tutiorem
939 1140 1038 1178 daret
1067 1139 1117 1176 ad
1137 1138 1177 1191 fi
1207 1150 1384 1190 receptum.

346 1203 503 1248 XLVII.
520 1204 661 1247 Infelix
686 1213 846 1242 conatus
866 1202 954 1241 fuit.
976 1200 1134 1240 reflante
1153 1207 1269 1238 vento
1284 1230 1294 1247 ‚
1310 1199 1407 1250 ignis
1425 1198 1466 1237 in
1482 1209 1573 1248 ope-

288 1283 331 1310 ra
347 1270 524 1311 Romana
546 1270 668 1319 janus
689 1265 850 1319 aedificia
874 1261 1170 1314 comprehendit
1194 1261 1354 1312 oppidi,
1373 1273 1576 1311 erumpen-

288 1331 421 1382 resque
441 1323 550 1370 fumo
575 1327 737 1368 involvit
753 1357 764 1374 ‚
791 1325 948 1376 ancipiti
974 1322 1166 1375 periculo,
1187 1323 1289 1374 quod
1321 1322 1459 1361 eodem
1480 1328 1575 1361 tem'-

289 1408 385 1447 pore
407 1394 493 1433 telis
519 1394 635 1432 etiam
666 1390 831 1429 hostium
865 1385 1131 1438 lapidibusque
1167 1384 1409 1436 petebantur.
1453 1382 1575 1433 Igitur

291 1457 404 1497 occifi
439 1456 617 1507 captique
653 1465 794 1503 magno
825 1462 1012 1497 numero,
1040 1450 1077 1489 δε
1104 1459 1329 1499 argentum,
1368 1448 1403 1485 δε
1438 1446 1573 1494 vestis,

292 1534 410 1572 quam
443 1533 489 1559 eo
526 1516 682 1557 confilio
713 1513 948 1561 extulerant,
976 1522 1018 1550 ut
1040 1524 1173 1550 eorum
1201 1511 1417 1560 direptione
1450 1509 1577 1548 distra-

296 1586 378 1624 &os
407 1579 687 1633 opprimendo,
709 1578 809 1616 viam
836 1575 885 1615 ad
917 1574 1199 1625 erumpendum
1228 1572 1427 1618 facerent,
1454 1571 1576 1610 victo·

292 1647 397 1686 ribus
422 1645 557 1696 praedae
586 1643 674 1681 fuit.
712 1633 847 1690 Neque
877 1646 1005 1676 tamen
1030 1636 1252 1675 destiterunt
1278 1647 1298 1673 a
1328 1633 1547 1672 defenfione
1564 1663 1576 1682 ‚

296 1708 363 1748 sed
388 1716 542 1746 ventum
565 1703 778 1744 secundum
803 1701 924 1748 naen,
942 1700 1074 1739 turrim
1103 1697 1257 1738 Caesaris
1282 1696 1548 1736 incenderunt.

348 1769 527 1811 XLVIII.
557 1767 633 1807 Sed
656 1763 786 1804 multis
812 1776 865 1805 ex
891 1762 1039 1813 oppido
1063 1759 1426 1811 transfugientibus,
1453 1770 1577 1808 neque

292 1834 392 1873 inter
417 1841 564 1870 ceteros
584 1829 729 1878 integra
758 1826 965 1866 concordia
981 1855 991 1874 ‚
1021 1823 1169 1864 tabellae
1196 1823 1246 1862 de
1268 1834 1375 1861 muro
1404 1820 1490 1859 sunt
1513 1821 1579 1859 de-

294 1897 428 1946 jeoftae,
456 1892 532 1931 hoc
566 1889 767 1941 exemplo:
798 1889 841 1928 L.
878 1890 1074 1927 Munatius
1114 1886 1252 1938 Caesari.
1286 1886 1328 1923 Si
1359 1883 1444 1921 milri
1464 1883 1575 1920 vitam

296 1959 422 1997 tribuis
437 1987 448 2003 ,
472 1956 635 2009 quoniam
659 1970 681 1993 a
714 1955 772 1993 Cn.
796 1950 962 2005 Pompejo
989 1953 1066 2004 firm
1099 1949 1271 2002 desertus,
1291 1947 1426 2001 qualem
1447 1962 1497 1985 me
1520 1946 1578 1984 illi

292 2020 434 2073 praefliti
450 2049 461 2066 ‚
482 2017 549 2056 tali
563 2017 691 2054 virtute
714 2016 748 2054 ὃ»
766 2014 956 2066 constantia
971 2012 1131 2065 ficturum
1149 2026 1200 2049 me
1222 2012 1258 2048 in
1274 2022 1303 2049 te
1321 2009 1383 2062 effi
1399 2009 1573 2061 praesiaho.

296 2083 511 2130 eodemque
548 2088 721 2128 tempore
754 2075 868 2127 legati
903 2075 1216 2125 oppidanorum,
1240 2073 1305 2122 qui
1342 2079 1432 2109 ante
1470 2071 1577 2108 exie·

297 2153 383 2185 rant
397 2174 408 2192 ,
432 2141 574 2182 Caesare
596 2140 699 2179 adito
715 2140 771 2190 ‚fi
790 2139 897 2175 vitam
912 2137 982 2188 fibi
1005 2135 1217 2181 concederet,
1236 2131 1398 2184 postridie
1414 2131 1577 2182 oppidum

295 2205 358 2258 effi
380 2205 579 2250 dedituros,
596 2202 784 2240 dixerunt.
800 2197 891 2245 Ilie,
907 2199 947 2251 se
963 2197 1121 2249 Caefhrem
1138 2193 1199 2247 effi
1212 2194 1403 2244 ‚fidemque
1421 2192 1578 2244 proeflare

289 2268 458 2322 solitum,
476 2264 684 2315 respondit.
709 2263 766 2302 Ita
789 2270 876 2300 ante
902 2260 1004 2299 diem
1031 2257 1088 2298 XI
1110 2255 1194 2297 Kal.
1223 2255 1352 2296 Martii
1368 2284 1379 2301 ,
1399 2266 1480 2302 quae
1506 2252 1580 2302 pri-

298 2343 363 2369 mo
385 2341 486 2368 anno
508 2327 660 2375 Juliano
687 2325 866 2372 fuerunt,
893 2323 1038 2373 oppido
1068 2321 1210 2372 potitus
1235 2319 1306 2365 est,
1334 2320 1368 2357 ἃ
1389 2319 1578 2368 Imperator

297 2392 509 2445 appellatus
542 2404 587 2430 ex
617 2389 797 2438 victoria,
828 2397 1005 2439 quartum
1033 2387 1111 2434 jam
1146 2385 1307 2423 diotator
1336 2380 1571 2430 designatus,

345 2512 366 2555 ς
390 2510 512 2542 XLVI.
536 2508 612 2540 Vni.
640 2507 734 2540 Max.
759 2516 801 2551 9,
825 2517 858 2540 2.
885 2504 1011 2539 Aufior
1036 2503 1076 2537 de
1102 2503 1137 2537 B.
1159 2500 1255 2545 Hisp.
1290 2500 1312 2544 §
1339 2498 1473 2534 XLVII.
1494 2496 1574 2530 Dio.

299 2556 424 2590 Austor
448 2555 487 2588 de
510 2555 544 2587 Β.
567 2551 663 2596 Hisp-
