<?xml version="1.0" encoding="UTF-8"?>
<!DOCTYPE html PUBLIC "-//W3C//DTD XHTML 1.0 Transitional//EN"
    "http://www.w3.org/TR/xhtml1/DTD/xhtml1-transitional.dtd">
<html xmlns="http://www.w3.org/1999/xhtml" xml:lang="en" lang="en">
 <head>
  <title>
</title>
<meta http-equiv="Content-Type" content="text/html;charset=utf-8" />
  <meta name='ocr-system' content='tesseract 3.04.00' />
  <meta name='ocr-capabilities' content='ocr_page ocr_carea ocr_par ocr_line ocrx_word'/>
</head>
<body>
  <div class='ocr_page' id='page_1' title='image "./historiarumlibri11livyuoft_0197.png"; bbox 0 0 1685 3042; ppageno 0'>
   <div class='ocr_carea' id='block_1_1' title="bbox 252 229 1365 298">
    <p class='ocr_par' dir='ltr' id='par_1_1' title="bbox 252 229 1365 298">
     <span class='ocr_line' id='line_1_1' title="bbox 252 229 1365 298; baseline 0.002 -20"><span class='ocrx_word' id='word_1_1' title='bbox 252 232 332 278; x_wconf 88' lang='lat' dir='ltr'>IN</span> <span class='ocrx_word' id='word_1_2' title='bbox 376 231 556 278; x_wconf 90' lang='lat' dir='ltr'>LOC.</span> <span class='ocrx_word' id='word_1_3' title='bbox 602 230 740 275; x_wconf 90' lang='lat' dir='ltr'>LIB.</span> <span class='ocrx_word' id='word_1_4' title='bbox 791 229 950 276; x_wconf 86' lang='lat' dir='ltr'>CXIX</span> <span class='ocrx_word' id='word_1_5' title='bbox 986 230 1140 278; x_wconf 87' lang='lat' dir='ltr'>LIV.</span> <span class='ocrx_word' id='word_1_6' title='bbox 1252 231 1365 298; x_wconf 61' lang='lat'>7189</span> 
     </span>
    </p>
   </div>
   <div class='ocr_carea' id='block_1_2' title="bbox 51 342 1365 2453">
    <p class='ocr_par' dir='ltr' id='par_1_2' title="bbox 68 342 1363 648">
     <span class='ocr_line' id='line_1_2' title="bbox 74 342 1363 399; baseline -0.002 -10"><span class='ocrx_word' id='word_1_7' title='bbox 74 348 291 399; x_wconf 84' lang='lat' dir='ltr'><strong>militesque</strong></span> <span class='ocrx_word' id='word_1_8' title='bbox 316 347 442 397; x_wconf 74' lang='lat' dir='ltr'>gratia.</span> <span class='ocrx_word' id='word_1_9' title='bbox 474 348 522 386; x_wconf 86' lang='lat' dir='ltr'>At</span> <span class='ocrx_word' id='word_1_10' title='bbox 549 344 637 390; x_wconf 87' lang='lat' dir='ltr'>ille,</span> <span class='ocrx_word' id='word_1_11' title='bbox 660 343 788 382; x_wconf 84' lang='lat' dir='ltr'>castris</span> <span class='ocrx_word' id='word_1_12' title='bbox 814 343 852 381; x_wconf 88' lang='lat' dir='ltr'>in</span> <span class='ocrx_word' id='word_1_13' title='bbox 883 342 971 382; x_wconf 91' lang='lat' dir='ltr'>Ioco</span> <span class='ocrx_word' id='word_1_14' title='bbox 1003 345 1130 395; x_wconf 82' lang='lat' dir='ltr'>politis</span> <span class='ocrx_word' id='word_1_15' title='bbox 1146 376 1157 394; x_wconf 89' lang='lat'>,</span> <span class='ocrx_word' id='word_1_16' title='bbox 1183 346 1363 396; x_wconf 78' lang='lat' dir='ltr'>postridie</span> 
     </span>
     <span class='ocr_line' id='line_1_3' title="bbox 68 406 1362 459; baseline -0.003 -8"><span class='ocrx_word' id='word_1_17' title='bbox 68 412 230 459; x_wconf 85' lang='lat' dir='ltr'>urbem,</span> <span class='ocrx_word' id='word_1_18' title='bbox 253 410 380 459; x_wconf 87' lang='lat' dir='ltr'>septus</span> <span class='ocrx_word' id='word_1_19' title='bbox 414 408 555 446; x_wconf 89' lang='lat' dir='ltr'>idonea</span> <span class='ocrx_word' id='word_1_20' title='bbox 591 418 731 451; x_wconf 84' lang='lat' dir='ltr'>manu,</span> <span class='ocrx_word' id='word_1_21' title='bbox 765 406 894 443; x_wconf 83' lang='lat' dir='ltr'>intrat.</span> <span class='ocrx_word' id='word_1_22' title='bbox 937 418 1167 457; x_wconf 85' lang='lat' dir='ltr'>quacunque</span> <span class='ocrx_word' id='word_1_23' title='bbox 1195 408 1362 456; x_wconf 81' lang='lat' dir='ltr'>incedit,</span> 
     </span>
     <span class='ocr_line' id='line_1_4' title="bbox 72 467 1362 518; baseline -0.003 -6"><span class='ocrx_word' id='word_1_24' title='bbox 72 482 279 513; x_wconf 77' lang='lat' dir='ltr'>occurrunt</span> <span class='ocrx_word' id='word_1_25' title='bbox 312 469 557 510; x_wconf 84' lang='lat' dir='ltr'>salutantium</span> <span class='ocrx_word' id='word_1_26' title='bbox 588 467 941 518; x_wconf 80' lang='lat' dir='ltr'>gratulantiumque</span> <span class='ocrx_word' id='word_1_27' title='bbox 978 468 1151 518; x_wconf 82' lang='lat' dir='ltr'>agmina:</span> <span class='ocrx_word' id='word_1_28' title='bbox 1187 470 1286 508; x_wconf 85' lang='lat' dir='ltr'>nihil</span> <span class='ocrx_word' id='word_1_29' title='bbox 1318 471 1362 508; x_wconf 88' lang='lat' dir='ltr'>in</span> 
     </span>
     <span class='ocr_line' id='line_1_5' title="bbox 71 529 1361 586; baseline -0.008 -11"><span class='ocrx_word' id='word_1_30' title='bbox 71 536 241 586; x_wconf 83' lang='lat' dir='ltr'>speciem</span> <span class='ocrx_word' id='word_1_31' title='bbox 267 531 442 573; x_wconf 87' lang='lat' dir='ltr'>officiosae</span> <span class='ocrx_word' id='word_1_32' title='bbox 460 529 710 569; x_wconf 79' lang='lat' dir='ltr'>humanitatis</span> <span class='ocrx_word' id='word_1_33' title='bbox 736 529 1053 579; x_wconf 67' lang='lat' dir='ltr'>praetermittitur,</span> <span class='ocrx_word' id='word_1_34' title='bbox 1077 529 1139 569; x_wconf 86' lang='lat' dir='ltr'>Sic</span> <span class='ocrx_word' id='word_1_35' title='bbox 1162 530 1210 568; x_wconf 87' lang='lat' dir='ltr'>ad</span> <span class='ocrx_word' id='word_1_36' title='bbox 1236 531 1361 570; x_wconf 83' lang='lat' dir='ltr'>aedem</span> 
     </span>
     <span class='ocr_line' id='line_1_6' title="bbox 75 591 1257 648; baseline -0.008 -8"><span class='ocrx_word' id='word_1_37' title='bbox 75 599 191 640; x_wconf 84' lang='lat' dir='ltr'>Vestae</span> <span class='ocrx_word' id='word_1_38' title='bbox 214 597 337 648; x_wconf 87' lang='lat' dir='ltr'>pergit</span> <span class='ocrx_word' id='word_1_39' title='bbox 354 627 364 643; x_wconf 74' lang='lat'><strong>‚</strong></span> <span class='ocrx_word' id='word_1_40' title='bbox 394 594 460 633; x_wconf 89' lang='lat' dir='ltr'>ubi</span> <span class='ocrx_word' id='word_1_41' title='bbox 490 602 649 631; x_wconf 83' lang='lat' dir='ltr'>matrem</span> <span class='ocrx_word' id='word_1_42' title='bbox 677 592 923 642; x_wconf 88' lang='lat' dir='ltr'>sororemque</span> <span class='ocrx_word' id='word_1_43' title='bbox 948 591 1023 630; x_wconf 84' lang='lat' dir='ltr'>effe</span> <span class='ocrx_word' id='word_1_44' title='bbox 1048 592 1257 631; x_wconf 86' lang='lat' dir='ltr'>audiverat.</span> 
     </span>
    </p>

    <p class='ocr_par' dir='ltr' id='par_1_3' title="bbox 51 651 1365 1394">
     <span class='ocr_line' id='line_1_7' title="bbox 122 651 1363 704; baseline -0.008 -4"><span class='ocrx_word' id='word_1_45' title='bbox 122 659 259 700; x_wconf 86' lang='lat' dir='ltr'>LXVI.</span> <span class='ocrx_word' id='word_1_46' title='bbox 286 656 441 697; x_wconf 86' lang='lat' dir='ltr'>Interim</span> <span class='ocrx_word' id='word_1_47' title='bbox 466 658 500 694; x_wconf 58' lang='grc' dir='ltr'>ἃ</span> <span class='ocrx_word' id='word_1_48' title='bbox 523 654 595 693; x_wconf 88' lang='lat' dir='ltr'>illae</span> <span class='ocrx_word' id='word_1_49' title='bbox 621 662 694 692; x_wconf 84' lang='lat' dir='ltr'>tres</span> <span class='ocrx_word' id='word_1_50' title='bbox 720 652 915 704; x_wconf 82' lang='lat' dir='ltr'>legiones,</span> <span class='ocrx_word' id='word_1_51' title='bbox 935 651 1052 691; x_wconf 81' lang='lat' dir='ltr'>miffis</span> <span class='ocrx_word' id='word_1_52' title='bbox 1075 652 1232 703; x_wconf 82' lang='lat' dir='ltr'>legatis,</span> <span class='ocrx_word' id='word_1_53' title='bbox 1260 653 1363 691; x_wconf 81' lang='lat' dir='ltr'>fece-</span> 
     </span>
     <span class='ocr_line' id='line_1_8' title="bbox 71 715 1362 768; baseline -0.007 -5"><span class='ocrx_word' id='word_1_54' title='bbox 71 731 160 763; x_wconf 82' lang='lat' dir='ltr'>runt</span> <span class='ocrx_word' id='word_1_55' title='bbox 174 722 428 762; x_wconf 75' lang='lat' dir='ltr'>deditionem.</span> <span class='ocrx_word' id='word_1_56' title='bbox 448 719 505 758; x_wconf 82' lang='lat' dir='ltr'>Ex</span> <span class='ocrx_word' id='word_1_57' title='bbox 530 717 754 768; x_wconf 86' lang='lat' dir='ltr'>praetoribus</span> <span class='ocrx_word' id='word_1_58' title='bbox 768 747 778 764; x_wconf 86' lang='lat'>‚</span> <span class='ocrx_word' id='word_1_59' title='bbox 799 717 864 767; x_wconf 90' lang='lat' dir='ltr'>qui</span> <span class='ocrx_word' id='word_1_60' title='bbox 893 715 1145 766; x_wconf 82' lang='lat' dir='ltr'>praefuerant,</span> <span class='ocrx_word' id='word_1_61' title='bbox 1166 715 1362 756; x_wconf 81' lang='lat' dir='ltr'>Cornutus</span> 
     </span>
     <span class='ocr_line' id='line_1_9' title="bbox 68 777 1361 832; baseline -0.007 -5"><span class='ocrx_word' id='word_1_62' title='bbox 68 788 137 827; x_wconf 82' lang='lat' dir='ltr'>fibi</span> <span class='ocrx_word' id='word_1_63' title='bbox 153 798 286 826; x_wconf 85' lang='lat' dir='ltr'>manus</span> <span class='ocrx_word' id='word_1_64' title='bbox 302 783 458 831; x_wconf 80' lang='lat' dir='ltr'>intulit3</span> <span class='ocrx_word' id='word_1_65' title='bbox 479 782 613 832; x_wconf 80' lang='lat' dir='ltr'>reliqui</span> <span class='ocrx_word' id='word_1_66' title='bbox 631 783 671 819; x_wconf 88' lang='lat' dir='ltr'>in</span> <span class='ocrx_word' id='word_1_67' title='bbox 690 780 808 819; x_wconf 83' lang='lat' dir='ltr'>fidem</span> <span class='ocrx_word' id='word_1_68' title='bbox 825 779 970 830; x_wconf 88' lang='lat' dir='ltr'>recepti</span> <span class='ocrx_word' id='word_1_69' title='bbox 987 779 1084 818; x_wconf 87' lang='lat' dir='ltr'>sunt.</span> <span class='ocrx_word' id='word_1_70' title='bbox 1114 777 1274 826; x_wconf 85' lang='lat' dir='ltr'>Cicero,</span> <span class='ocrx_word' id='word_1_71' title='bbox 1295 791 1361 828; x_wconf 83' lang='lat' dir='ltr'>per</span> 
     </span>
     <span class='ocr_line' id='line_1_10' title="bbox 70 839 1364 898; baseline -0.008 -9"><span class='ocrx_word' id='word_1_72' title='bbox 70 849 216 889; x_wconf 83' lang='lat' dir='ltr'>amicos</span> <span class='ocrx_word' id='word_1_73' title='bbox 247 849 449 898; x_wconf 84' lang='lat' dir='ltr'>impetrato</span> <span class='ocrx_word' id='word_1_74' title='bbox 492 843 642 883; x_wconf 79' lang='lat' dir='ltr'>Caesaris</span> <span class='ocrx_word' id='word_1_75' title='bbox 676 841 900 892; x_wconf 84' lang='lat' dir='ltr'>colloquio,</span> <span class='ocrx_word' id='word_1_76' title='bbox 938 842 1088 892; x_wconf 87' lang='lat' dir='ltr'>magnis</span> <span class='ocrx_word' id='word_1_77' title='bbox 1113 853 1202 880; x_wconf 90' lang='lat' dir='ltr'>eum</span> <span class='ocrx_word' id='word_1_78' title='bbox 1239 839 1364 880; x_wconf 83' lang='lat' dir='ltr'>laudi-</span> 
     </span>
     <span class='ocr_line' id='line_1_11' title="bbox 71 903 1363 962; baseline -0.009 -10"><span class='ocrx_word' id='word_1_79' title='bbox 71 911 143 952; x_wconf 87' lang='lat' dir='ltr'>bus</span> <span class='ocrx_word' id='word_1_80' title='bbox 167 909 325 957; x_wconf 83' lang='lat' dir='ltr'>extulit‚</span> <span class='ocrx_word' id='word_1_81' title='bbox 347 910 386 962; x_wconf 87' lang='lat' dir='ltr'>se</span> <span class='ocrx_word' id='word_1_82' title='bbox 415 920 546 961; x_wconf 75' lang='lat' dir='ltr'>quoque</span> <span class='ocrx_word' id='word_1_83' title='bbox 575 906 717 959; x_wconf 84' lang='lat' dir='ltr'>senatui</span> <span class='ocrx_word' id='word_1_84' title='bbox 753 903 924 956; x_wconf 58' lang='lat' dir='ltr'>deferendi</span> <span class='ocrx_word' id='word_1_85' title='bbox 958 903 1161 956; x_wconf 82' lang='lat' dir='ltr'>consulatus</span> <span class='ocrx_word' id='word_1_86' title='bbox 1196 906 1363 942; x_wconf 54' lang='lat' dir='ltr'>auctorem</span> 
     </span>
     <span class='ocr_line' id='line_1_12' title="bbox 61 964 1364 1026; baseline -0.005 -15"><span class='ocrx_word' id='word_1_87' title='bbox 61 972 170 1026; x_wconf 69' lang='lat' dir='ltr'>fisiffe}</span> <span class='ocrx_word' id='word_1_88' title='bbox 204 971 392 1010; x_wconf 56' lang='lat' dir='ltr'>dicritans.</span> <span class='ocrx_word' id='word_1_89' title='bbox 420 966 638 1019; x_wconf 86' lang='lat' dir='ltr'>Respondit</span> <span class='ocrx_word' id='word_1_90' title='bbox 663 965 812 1013; x_wconf 66' lang='lat' dir='ltr'>Caesar,</span> <span class='ocrx_word' id='word_1_91' title='bbox 840 978 911 1004; x_wconf 90' lang='lat' dir='ltr'>nec</span> <span class='ocrx_word' id='word_1_92' title='bbox 939 965 1014 1005; x_wconf 74' lang='lat' dir='ltr'>sine</span> <span class='ocrx_word' id='word_1_93' title='bbox 1051 964 1199 1012; x_wconf 88' lang='lat' dir='ltr'>morsu,</span> <span class='ocrx_word' id='word_1_94' title='bbox 1232 965 1364 1004; x_wconf 83' lang='lat' dir='ltr'>Cicero-</span> 
     </span>
     <span class='ocr_line' id='line_1_13' title="bbox 71 1027 1364 1084; baseline -0.006 -12"><span class='ocrx_word' id='word_1_95' title='bbox 71 1034 226 1084; x_wconf 83' lang='lat' dir='ltr'>nemfibi</span> <span class='ocrx_word' id='word_1_96' title='bbox 251 1031 466 1081; x_wconf 62' lang='lat' dir='ltr'>noviffi&#39;mum</span> <span class='ocrx_word' id='word_1_97' title='bbox 487 1030 670 1067; x_wconf 82' lang='lat' dir='ltr'>amicorum</span> <span class='ocrx_word' id='word_1_98' title='bbox 692 1043 868 1068; x_wconf 79' lang='lat' dir='ltr'>occurrere.</span> <span class='ocrx_word' id='word_1_99' title='bbox 902 1028 1041 1068; x_wconf 88' lang='lat' dir='ltr'>Secuta</span> <span class='ocrx_word' id='word_1_100' title='bbox 1066 1027 1207 1066; x_wconf 86' lang='lat' dir='ltr'>deinde</span> <span class='ocrx_word' id='word_1_101' title='bbox 1227 1029 1364 1076; x_wconf 53' lang='lat' dir='ltr'>nodie,</span> 
     </span>
     <span class='ocr_line' id='line_1_14' title="bbox 68 1089 1364 1141; baseline -0.008 -5"><span class='ocrx_word' id='word_1_102' title='bbox 68 1107 192 1136; x_wconf 86' lang='lat' dir='ltr'>vanus</span> <span class='ocrx_word' id='word_1_103' title='bbox 226 1106 355 1133; x_wconf 88' lang='lat' dir='ltr'>rumor</span> <span class='ocrx_word' id='word_1_104' title='bbox 380 1092 512 1131; x_wconf 84' lang='lat' dir='ltr'>terruit</span> <span class='ocrx_word' id='word_1_105' title='bbox 536 1091 733 1129; x_wconf 83' lang='lat' dir='ltr'>civitatem</span> <span class='ocrx_word' id='word_1_106' title='bbox 752 1120 762 1138; x_wconf 89' lang='lat'><strong>‚</strong></span> <span class='ocrx_word' id='word_1_107' title='bbox 789 1091 965 1129; x_wconf 83' lang='lat' dir='ltr'>Martiam</span> <span class='ocrx_word' id='word_1_108' title='bbox 1001 1089 1036 1127; x_wconf 72' lang='lat'>6·</span> <span class='ocrx_word' id='word_1_109' title='bbox 1064 1102 1223 1141; x_wconf 80' lang='lat' dir='ltr'>quartam</span> <span class='ocrx_word' id='word_1_110' title='bbox 1246 1089 1364 1141; x_wconf 80' lang='lat' dir='ltr'>legio-</span> 
     </span>
     <span class='ocr_line' id='line_1_15' title="bbox 69 1150 1365 1208; baseline -0.007 -12"><span class='ocrx_word' id='word_1_111' title='bbox 69 1173 132 1196; x_wconf 84' lang='lat' dir='ltr'>nes</span> <span class='ocrx_word' id='word_1_112' title='bbox 158 1156 291 1208; x_wconf 68' lang='lat' dir='ltr'>adff‚</span> <span class='ocrx_word' id='word_1_113' title='bbox 321 1155 524 1206; x_wconf 61' lang='lat' dir='ltr'>diripiendae</span> <span class='ocrx_word' id='word_1_114' title='bbox 548 1154 673 1206; x_wconf 80' lang='lat' dir='ltr'>patriae</span> <span class='ocrx_word' id='word_1_115' title='bbox 698 1154 818 1205; x_wconf 79' lang='lat' dir='ltr'>causa.</span> <span class='ocrx_word' id='word_1_116' title='bbox 864 1152 968 1191; x_wconf 89' lang='lat' dir='ltr'>Tum</span> <span class='ocrx_word' id='word_1_117' title='bbox 997 1151 1136 1190; x_wconf 87' lang='lat' dir='ltr'>iterum</span> <span class='ocrx_word' id='word_1_118' title='bbox 1170 1150 1276 1190; x_wconf 89' lang='lat' dir='ltr'>velut</span> <span class='ocrx_word' id='word_1_119' title='bbox 1303 1150 1365 1189; x_wconf 74' lang='lat' dir='ltr'>fu-</span> 
     </span>
     <span class='ocr_line' id='line_1_16' title="bbox 69 1212 1363 1267; baseline -0.007 -8"><span class='ocrx_word' id='word_1_120' title='bbox 69 1232 156 1259; x_wconf 86' lang='lat' dir='ltr'>rore</span> <span class='ocrx_word' id='word_1_121' title='bbox 180 1219 271 1257; x_wconf 71' lang='lat' dir='ltr'>tacti</span> <span class='ocrx_word' id='word_1_122' title='bbox 299 1216 514 1267; x_wconf 84' lang='lat' dir='ltr'>principes,</span> <span class='ocrx_word' id='word_1_123' title='bbox 544 1216 580 1253; x_wconf 64' lang='grc' dir='ltr'>ἅ</span> <span class='ocrx_word' id='word_1_124' title='bbox 612 1213 741 1251; x_wconf 88' lang='lat' dir='ltr'>secure</span> <span class='ocrx_word' id='word_1_125' title='bbox 770 1213 1018 1251; x_wconf 87' lang='lat' dir='ltr'>crediderunt</span> <span class='ocrx_word' id='word_1_126' title='bbox 1051 1213 1186 1259; x_wconf 69' lang='lat' dir='ltr'>dictis,</span> <span class='ocrx_word' id='word_1_127' title='bbox 1224 1213 1260 1252; x_wconf 71' lang='grc' dir='ltr'>δε</span> <span class='ocrx_word' id='word_1_128' title='bbox 1288 1212 1363 1251; x_wconf 83' lang='lat' dir='ltr'>suis</span> 
     </span>
     <span class='ocr_line' id='line_1_17' title="bbox 51 1273 1363 1327; baseline -0.005 -6"><span class='ocrx_word' id='word_1_129' title='bbox 51 1282 110 1321; x_wconf 73' lang='lat' dir='ltr'>se</span> <span class='ocrx_word' id='word_1_130' title='bbox 135 1281 276 1320; x_wconf 87' lang='lat' dir='ltr'>viribus</span> <span class='ocrx_word' id='word_1_131' title='bbox 306 1279 480 1318; x_wconf 87' lang='lat' dir='ltr'>sustinere</span> <span class='ocrx_word' id='word_1_132' title='bbox 507 1274 612 1327; x_wconf 73' lang='lat' dir='ltr'>posse</span> <span class='ocrx_word' id='word_1_133' title='bbox 634 1274 842 1322; x_wconf 56' lang='lat' dir='ltr'>Caesarem,</span> <span class='ocrx_word' id='word_1_134' title='bbox 871 1274 1045 1325; x_wconf 82' lang='lat' dir='ltr'>quamvis</span> <span class='ocrx_word' id='word_1_135' title='bbox 1071 1282 1193 1313; x_wconf 80' lang='lat' dir='ltr'>tantas</span> <span class='ocrx_word' id='word_1_136' title='bbox 1217 1273 1363 1314; x_wconf 82' lang='lat' dir='ltr'>haben-</span> 
     </span>
     <span class='ocr_line' id='line_1_18' title="bbox 71 1337 828 1394; baseline -0.012 -10"><span class='ocrx_word' id='word_1_137' title='bbox 71 1354 152 1385; x_wconf 86' lang='lat' dir='ltr'>tem</span> <span class='ocrx_word' id='word_1_138' title='bbox 181 1346 220 1383; x_wconf 92' lang='lat' dir='ltr'>in</span> <span class='ocrx_word' id='word_1_139' title='bbox 246 1344 425 1394; x_wconf 76' lang='lat' dir='ltr'>proximo</span> <span class='ocrx_word' id='word_1_140' title='bbox 453 1341 582 1391; x_wconf 86' lang='lat' dir='ltr'>copias</span> <span class='ocrx_word' id='word_1_141' title='bbox 599 1370 609 1387; x_wconf 87' lang='lat'><strong>‚</strong></span> <span class='ocrx_word' id='word_1_142' title='bbox 636 1340 708 1377; x_wconf 89' lang='lat' dir='ltr'>rati</span> <span class='ocrx_word' id='word_1_143' title='bbox 732 1337 828 1377; x_wconf 87' lang='lat' dir='ltr'>sunt.</span> 
     </span>
    </p>

    <p class='ocr_par' dir='ltr' id='par_1_4' title="bbox 68 1401 1364 2453">
     <span class='ocr_line' id='line_1_19' title="bbox 125 1401 1360 1457; baseline -0.006 -9"><span class='ocrx_word' id='word_1_144' title='bbox 125 1407 282 1448; x_wconf 84' lang='lat' dir='ltr'><strong>LXVII.</strong></span> <span class='ocrx_word' id='word_1_145' title='bbox 310 1407 428 1457; x_wconf 83' lang='lat' dir='ltr'>Igitur</span> <span class='ocrx_word' id='word_1_146' title='bbox 461 1405 598 1443; x_wconf 87' lang='lat' dir='ltr'>eadem</span> <span class='ocrx_word' id='word_1_147' title='bbox 635 1404 749 1441; x_wconf 68' lang='lat' dir='ltr'>nocte</span> <span class='ocrx_word' id='word_1_148' title='bbox 783 1402 916 1442; x_wconf 85' lang='lat' dir='ltr'>senatu</span> <span class='ocrx_word' id='word_1_149' title='bbox 950 1401 1110 1450; x_wconf 85' lang='lat' dir='ltr'>habito,</span> <span class='ocrx_word' id='word_1_150' title='bbox 1144 1401 1201 1441; x_wconf 82' lang='lat' dir='ltr'>M.</span> <span class='ocrx_word' id='word_1_151' title='bbox 1231 1401 1360 1452; x_wconf 84' lang='lat' dir='ltr'>Aquil-</span> 
     </span>
     <span class='ocr_line' id='line_1_20' title="bbox 71 1464 1360 1516; baseline -0.008 -5"><span class='ocrx_word' id='word_1_152' title='bbox 71 1472 168 1512; x_wconf 89' lang='lat' dir='ltr'>lium</span> <span class='ocrx_word' id='word_1_153' title='bbox 192 1469 361 1510; x_wconf 73' lang='lat' dir='ltr'>Crassum</span> <span class='ocrx_word' id='word_1_154' title='bbox 385 1468 593 1507; x_wconf 82' lang='lat' dir='ltr'>emiserunt</span> <span class='ocrx_word' id='word_1_155' title='bbox 617 1466 665 1504; x_wconf 87' lang='lat' dir='ltr'>ad</span> <span class='ocrx_word' id='word_1_156' title='bbox 693 1466 880 1516; x_wconf 80' lang='lat' dir='ltr'>parandas</span> <span class='ocrx_word' id='word_1_157' title='bbox 909 1478 929 1503; x_wconf 93' lang='lat' dir='ltr'>e</span> <span class='ocrx_word' id='word_1_158' title='bbox 958 1465 1096 1505; x_wconf 87' lang='lat' dir='ltr'>Piceno</span> <span class='ocrx_word' id='word_1_159' title='bbox 1122 1464 1272 1514; x_wconf 85' lang='lat' dir='ltr'>copias:</span> <span class='ocrx_word' id='word_1_160' title='bbox 1303 1464 1360 1502; x_wconf 78' lang='lat' dir='ltr'>id-</span> 
     </span>
     <span class='ocr_line' id='line_1_21' title="bbox 71 1527 1364 1585; baseline -0.006 -11"><span class='ocrx_word' id='word_1_161' title='bbox 71 1548 146 1585; x_wconf 89' lang='lat' dir='ltr'>que</span> <span class='ocrx_word' id='word_1_162' title='bbox 176 1544 357 1583; x_wconf 83' lang='lat' dir='ltr'>tanquam</span> <span class='ocrx_word' id='word_1_163' title='bbox 396 1531 525 1570; x_wconf 81' lang='lat' dir='ltr'>Iaetum</span> <span class='ocrx_word' id='word_1_164' title='bbox 548 1531 753 1577; x_wconf 77' lang='lat' dir='ltr'>nuntium,</span> <span class='ocrx_word' id='word_1_165' title='bbox 777 1528 1010 1568; x_wconf 87' lang='lat' dir='ltr'>discurrente</span> <span class='ocrx_word' id='word_1_166' title='bbox 1041 1540 1107 1577; x_wconf 88' lang='lat' dir='ltr'>per</span> <span class='ocrx_word' id='word_1_167' title='bbox 1134 1527 1266 1566; x_wconf 88' lang='lat' dir='ltr'>urbem</span> <span class='ocrx_word' id='word_1_168' title='bbox 1295 1527 1364 1566; x_wconf 85' lang='lat' dir='ltr'>tri-</span> 
     </span>
     <span class='ocr_line' id='line_1_22' title="bbox 75 1587 1363 1647; baseline -0.009 -9"><span class='ocrx_word' id='word_1_169' title='bbox 75 1598 179 1638; x_wconf 86' lang='lat' dir='ltr'>buno</span> <span class='ocrx_word' id='word_1_170' title='bbox 208 1596 332 1647; x_wconf 87' lang='lat' dir='ltr'>plebis</span> <span class='ocrx_word' id='word_1_171' title='bbox 360 1594 542 1644; x_wconf 80' lang='lat' dir='ltr'>Apulejo,</span> <span class='ocrx_word' id='word_1_172' title='bbox 566 1592 781 1642; x_wconf 82' lang='lat' dir='ltr'>vulgarunt.</span> <span class='ocrx_word' id='word_1_173' title='bbox 814 1591 890 1631; x_wconf 86' lang='lat' dir='ltr'>Sed</span> <span class='ocrx_word' id='word_1_174' title='bbox 914 1591 980 1630; x_wconf 87' lang='lat' dir='ltr'>ubi</span> <span class='ocrx_word' id='word_1_175' title='bbox 1013 1589 1146 1629; x_wconf 80' lang='lat' dir='ltr'>falsam</span> <span class='ocrx_word' id='word_1_176' title='bbox 1173 1587 1284 1627; x_wconf 75' lang='lat' dir='ltr'>fuisse:</span> <span class='ocrx_word' id='word_1_177' title='bbox 1307 1587 1363 1627; x_wconf 85' lang='lat' dir='ltr'>fa-</span> 
     </span>
     <span class='ocr_line' id='line_1_23' title="bbox 74 1648 1364 1702; baseline -0.009 -5"><span class='ocrx_word' id='word_1_178' title='bbox 74 1672 179 1698; x_wconf 74' lang='lat' dir='ltr'>mam</span> <span class='ocrx_word' id='word_1_179' title='bbox 204 1657 382 1696; x_wconf 87' lang='lat' dir='ltr'>rescitum</span> <span class='ocrx_word' id='word_1_180' title='bbox 411 1654 486 1701; x_wconf 71' lang='lat' dir='ltr'>est,</span> <span class='ocrx_word' id='word_1_181' title='bbox 522 1654 683 1699; x_wconf 86' lang='lat' dir='ltr'>Cicero,</span> <span class='ocrx_word' id='word_1_182' title='bbox 709 1652 774 1702; x_wconf 92' lang='lat' dir='ltr'>qui</span> <span class='ocrx_word' id='word_1_183' title='bbox 801 1663 869 1701; x_wconf 89' lang='lat' dir='ltr'>pro</span> <span class='ocrx_word' id='word_1_184' title='bbox 895 1650 1043 1689; x_wconf 85' lang='lat' dir='ltr'>foribus</span> <span class='ocrx_word' id='word_1_185' title='bbox 1069 1649 1182 1688; x_wconf 81' lang='lat' dir='ltr'>curiae</span> <span class='ocrx_word' id='word_1_186' title='bbox 1215 1648 1364 1688; x_wconf 83' lang='lat' dir='ltr'>senato-</span> 
     </span>
     <span class='ocr_line' id='line_1_24' title="bbox 72 1713 1361 1764; baseline -0.007 -3"><span class='ocrx_word' id='word_1_187' title='bbox 72 1735 133 1761; x_wconf 84' lang='lat' dir='ltr'>res</span> <span class='ocrx_word' id='word_1_188' title='bbox 164 1722 416 1760; x_wconf 82' lang='lat' dir='ltr'>adventantes</span> <span class='ocrx_word' id='word_1_189' title='bbox 449 1730 538 1756; x_wconf 92' lang='lat' dir='ltr'>cum</span> <span class='ocrx_word' id='word_1_190' title='bbox 564 1715 741 1755; x_wconf 83' lang='lat' dir='ltr'>laudibus</span> <span class='ocrx_word' id='word_1_191' title='bbox 767 1723 996 1764; x_wconf 80' lang='lat' dir='ltr'>exceperat,</span> <span class='ocrx_word' id='word_1_192' title='bbox 1019 1714 1058 1751; x_wconf 89' lang='lat' dir='ltr'>in</span> <span class='ocrx_word' id='word_1_193' title='bbox 1081 1713 1218 1752; x_wconf 57' lang='lat' dir='ltr'>lectica</span> <span class='ocrx_word' id='word_1_194' title='bbox 1247 1713 1361 1763; x_wconf 65' lang='lat' dir='ltr'>fugit„</span> 
     </span>
     <span class='ocr_line' id='line_1_25' title="bbox 75 1775 1362 1829; baseline -0.009 -6"><span class='ocrx_word' id='word_1_195' title='bbox 75 1782 332 1829; x_wconf 80' lang='lat' dir='ltr'>Caesar‚irrisa</span> <span class='ocrx_word' id='word_1_196' title='bbox 351 1780 552 1819; x_wconf 81' lang='lat' dir='ltr'>hominum</span> <span class='ocrx_word' id='word_1_197' title='bbox 580 1778 783 1825; x_wconf 86' lang='lat' dir='ltr'>vecordia,</span> <span class='ocrx_word' id='word_1_198' title='bbox 806 1777 991 1815; x_wconf 79' lang='lat' dir='ltr'>exercitum</span> <span class='ocrx_word' id='word_1_199' title='bbox 1014 1776 1052 1813; x_wconf 85' lang='lat' dir='ltr'>in</span> <span class='ocrx_word' id='word_1_200' title='bbox 1074 1789 1230 1828; x_wconf 80' lang='lat' dir='ltr'>campum</span> <span class='ocrx_word' id='word_1_201' title='bbox 1249 1775 1362 1812; x_wconf 80' lang='lat' dir='ltr'>addu-</span> 
     </span>
     <span class='ocr_line' id='line_1_26' title="bbox 72 1833 1362 1895; baseline -0.01 -10"><span class='ocrx_word' id='word_1_202' title='bbox 72 1847 105 1885; x_wconf 81' lang='lat' dir='ltr'>ci</span> <span class='ocrx_word' id='word_1_203' title='bbox 127 1845 242 1895; x_wconf 80' lang='lat' dir='ltr'>juffit.</span> <span class='ocrx_word' id='word_1_204' title='bbox 269 1858 344 1894; x_wconf 91' lang='lat' dir='ltr'>quo</span> <span class='ocrx_word' id='word_1_205' title='bbox 370 1852 542 1892; x_wconf 87' lang='lat' dir='ltr'>tempore</span> <span class='ocrx_word' id='word_1_206' title='bbox 564 1841 694 1880; x_wconf 85' lang='lat' dir='ltr'>laetum</span> <span class='ocrx_word' id='word_1_207' title='bbox 714 1841 749 1878; x_wconf 90' lang='lat' dir='ltr'>ei</span> <span class='ocrx_word' id='word_1_208' title='bbox 775 1840 981 1890; x_wconf 85' lang='lat' dir='ltr'>augurium</span> <span class='ocrx_word' id='word_1_209' title='bbox 1006 1837 1183 1887; x_wconf 79' lang='lat' dir='ltr'>apparuit</span> <span class='ocrx_word' id='word_1_210' title='bbox 1202 1835 1263 1875; x_wconf 80' lang='lat' dir='ltr'>sex</span> <span class='ocrx_word' id='word_1_211' title='bbox 1279 1833 1362 1874; x_wconf 90' lang='lat' dir='ltr'>vul-</span> 
     </span>
     <span class='ocr_line' id='line_1_27' title="bbox 75 1900 1361 1955; baseline -0.009 -7"><span class='ocrx_word' id='word_1_212' title='bbox 75 1917 193 1948; x_wconf 81' lang='lat' dir='ltr'>tures.</span> <span class='ocrx_word' id='word_1_213' title='bbox 238 1916 329 1946; x_wconf 63' lang='lat' dir='ltr'>nec‘</span> <span class='ocrx_word' id='word_1_214' title='bbox 350 1916 477 1945; x_wconf 89' lang='lat' dir='ltr'>tamen</span> <span class='ocrx_word' id='word_1_215' title='bbox 513 1906 553 1943; x_wconf 90' lang='lat' dir='ltr'>in</span> <span class='ocrx_word' id='word_1_216' title='bbox 589 1917 821 1955; x_wconf 84' lang='lat' dir='ltr'>quemquam</span> <span class='ocrx_word' id='word_1_217' title='bbox 852 1901 1043 1942; x_wconf 89' lang='lat' dir='ltr'>consuluit</span> <span class='ocrx_word' id='word_1_218' title='bbox 1078 1901 1233 1939; x_wconf 83' lang='lat' dir='ltr'>durius:</span> <span class='ocrx_word' id='word_1_219' title='bbox 1266 1900 1361 1949; x_wconf 84' lang='lat' dir='ltr'>quin</span> 
     </span>
     <span class='ocr_line' id='line_1_28' title="bbox 75 1965 1361 2019; baseline -0.008 -9"><span class='ocrx_word' id='word_1_220' title='bbox 75 1971 192 2010; x_wconf 87' lang='lat' dir='ltr'>etiam</span> <span class='ocrx_word' id='word_1_221' title='bbox 221 1969 417 2016; x_wconf 76' lang='lat' dir='ltr'>Crassum,</span> <span class='ocrx_word' id='word_1_222' title='bbox 451 1968 515 2019; x_wconf 90' lang='lat' dir='ltr'>qui</span> <span class='ocrx_word' id='word_1_223' title='bbox 545 1967 667 2006; x_wconf 87' lang='lat' dir='ltr'>servili</span> <span class='ocrx_word' id='word_1_224' title='bbox 702 1966 837 2006; x_wconf 88' lang='lat' dir='ltr'>habitu</span> <span class='ocrx_word' id='word_1_225' title='bbox 862 1966 901 2004; x_wconf 89' lang='lat' dir='ltr'>in</span> <span class='ocrx_word' id='word_1_226' title='bbox 930 1965 1112 2004; x_wconf 90' lang='lat' dir='ltr'>Picenum</span> <span class='ocrx_word' id='word_1_227' title='bbox 1138 1971 1361 2014; x_wconf 81' lang='lat' dir='ltr'>penetrave-</span> 
     </span>
     <span class='ocr_line' id='line_1_29' title="bbox 76 2025 1363 2080; baseline -0.006 -9"><span class='ocrx_word' id='word_1_228' title='bbox 76 2042 155 2080; x_wconf 84' lang='lat' dir='ltr'>rat,</span> <span class='ocrx_word' id='word_1_229' title='bbox 174 2032 312 2070; x_wconf 76' lang='lat' dir='ltr'>dimisit</span> <span class='ocrx_word' id='word_1_230' title='bbox 335 2030 596 2078; x_wconf 85' lang='lat' dir='ltr'>incolumem,</span> <span class='ocrx_word' id='word_1_231' title='bbox 612 2030 764 2068; x_wconf 88' lang='lat' dir='ltr'>interim</span> <span class='ocrx_word' id='word_1_232' title='bbox 785 2028 998 2067; x_wconf 70' lang='lat' dir='ltr'>clement-ize</span> <span class='ocrx_word' id='word_1_233' title='bbox 1014 2036 1171 2077; x_wconf 87' lang='lat' dir='ltr'>captans</span> <span class='ocrx_word' id='word_1_234' title='bbox 1186 2025 1363 2073; x_wconf 83' lang='lat' dir='ltr'>laudem,</span> 
     </span>
     <span class='ocr_line' id='line_1_30' title="bbox 78 2087 1359 2144; baseline -0.008 -10"><span class='ocrx_word' id='word_1_235' title='bbox 78 2108 171 2135; x_wconf 82' lang='lat' dir='ltr'>mox</span> <span class='ocrx_word' id='word_1_236' title='bbox 188 2093 357 2142; x_wconf 83' lang='lat' dir='ltr'>eosdem,</span> <span class='ocrx_word' id='word_1_237' title='bbox 371 2093 507 2144; x_wconf 88' lang='lat' dir='ltr'>quibus</span> <span class='ocrx_word' id='word_1_238' title='bbox 526 2102 608 2131; x_wconf 89' lang='lat' dir='ltr'>tum</span> <span class='ocrx_word' id='word_1_239' title='bbox 623 2092 826 2130; x_wconf 84' lang='lat' dir='ltr'>videbatur</span> <span class='ocrx_word' id='word_1_240' title='bbox 842 2090 1054 2142; x_wconf 87' lang='lat' dir='ltr'>ignoscere,</span> <span class='ocrx_word' id='word_1_241' title='bbox 1068 2087 1359 2139; x_wconf 69' lang='lat' dir='ltr'>proscripturus„</span> 
     </span>
     <span class='ocr_line' id='line_1_31' title="bbox 68 2150 1364 2204; baseline -0.011 -5"><span class='ocrx_word' id='word_1_242' title='bbox 68 2173 69 2184; x_wconf 65' lang='lat'>¹</span> <span class='ocrx_word' id='word_1_243' title='bbox 131 2157 307 2198; x_wconf 82' lang='lat' dir='ltr'><strong>LXVIII.</strong></span> <span class='ocrx_word' id='word_1_244' title='bbox 336 2157 527 2195; x_wconf 79' lang='lat' dir='ltr'>Pecuniam</span> <span class='ocrx_word' id='word_1_245' title='bbox 552 2162 682 2193; x_wconf 86' lang='lat' dir='ltr'>autem</span> <span class='ocrx_word' id='word_1_246' title='bbox 709 2169 752 2192; x_wconf 82' lang='lat' dir='ltr'>ex</span> <span class='ocrx_word' id='word_1_247' title='bbox 773 2155 959 2202; x_wconf 77' lang='lat' dir='ltr'>laniculo,</span> <span class='ocrx_word' id='word_1_248' title='bbox 989 2152 1024 2189; x_wconf 53' lang='grc' dir='ltr'>δ’</span> <span class='ocrx_word' id='word_1_249' title='bbox 1044 2151 1216 2204; x_wconf 81' lang='lat' dir='ltr'>quidquid</span> <span class='ocrx_word' id='word_1_250' title='bbox 1244 2150 1364 2186; x_wconf 79' lang='lat' dir='ltr'>ubivis</span> 
     </span>
     <span class='ocr_line' id='line_1_32' title="bbox 71 2210 1363 2273; baseline -0.009 -15"><span class='ocrx_word' id='word_1_251' title='bbox 71 2218 347 2273; x_wconf 63' lang='lat' dir='ltr'>pubficae‘fuit‚</span> <span class='ocrx_word' id='word_1_252' title='bbox 376 2217 612 2266; x_wconf 84' lang='lat' dir='ltr'>comportari</span> <span class='ocrx_word' id='word_1_253' title='bbox 641 2214 769 2264; x_wconf 82' lang='lat' dir='ltr'>juffit:</span> <span class='ocrx_word' id='word_1_254' title='bbox 802 2214 880 2265; x_wconf 89' lang='lat' dir='ltr'>ipse</span> <span class='ocrx_word' id='word_1_255' title='bbox 915 2213 1069 2253; x_wconf 76' lang='lat' dir='ltr'>exceffit</span> <span class='ocrx_word' id='word_1_256' title='bbox 1104 2213 1217 2257; x_wconf 78' lang='lat' dir='ltr'>urbe,</span> <span class='ocrx_word' id='word_1_257' title='bbox 1249 2210 1363 2248; x_wconf 88' lang='lat' dir='ltr'>liber-</span> 
     </span>
     <span class='ocr_line' id='line_1_33' title="bbox 74 2273 1362 2329; baseline -0.009 -9"><span class='ocrx_word' id='word_1_258' title='bbox 74 2289 196 2320; x_wconf 85' lang='lat' dir='ltr'>tatem</span> <span class='ocrx_word' id='word_1_259' title='bbox 231 2279 374 2319; x_wconf 88' lang='lat' dir='ltr'>scilicet</span> <span class='ocrx_word' id='word_1_260' title='bbox 411 2279 636 2329; x_wconf 67' lang='lat' dir='ltr'>praebiturus</span> <span class='ocrx_word' id='word_1_261' title='bbox 669 2279 864 2323; x_wconf 80' lang='lat' dir='ltr'>comitiis,</span> <span class='ocrx_word' id='word_1_262' title='bbox 893 2289 938 2315; x_wconf 89' lang='lat' dir='ltr'>eo</span> <span class='ocrx_word' id='word_1_263' title='bbox 974 2277 1054 2324; x_wconf 86' lang='lat' dir='ltr'>jam</span> <span class='ocrx_word' id='word_1_264' title='bbox 1092 2273 1270 2312; x_wconf 69' lang='lat' dir='ltr'>adduc&#39;tis</span> <span class='ocrx_word' id='word_1_265' title='bbox 1304 2283 1362 2308; x_wconf 89' lang='lat' dir='ltr'>re-</span> 
     </span>
     <span class='ocr_line' id='line_1_34' title="bbox 74 2338 1362 2392; baseline -0.009 -9"><span class='ocrx_word' id='word_1_266' title='bbox 74 2343 170 2392; x_wconf 85' lang='lat' dir='ltr'>bus,</span> <span class='ocrx_word' id='word_1_267' title='bbox 206 2351 249 2382; x_wconf 88' lang='lat' dir='ltr'>ut</span> <span class='ocrx_word' id='word_1_268' title='bbox 286 2343 422 2381; x_wconf 80' lang='lat' dir='ltr'>eadem</span> <span class='ocrx_word' id='word_1_269' title='bbox 450 2341 578 2380; x_wconf 82' lang='lat' dir='ltr'>omnia</span> <span class='ocrx_word' id='word_1_270' title='bbox 616 2339 748 2378; x_wconf 84' lang='lat' dir='ltr'>absens</span> <span class='ocrx_word' id='word_1_271' title='bbox 782 2338 918 2389; x_wconf 86' lang='lat' dir='ltr'>poffet.</span> <span class='ocrx_word' id='word_1_272' title='bbox 955 2338 1075 2388; x_wconf 83' lang='lat' dir='ltr'>Igitur</span> <span class='ocrx_word' id='word_1_273' title='bbox 1107 2339 1268 2375; x_wconf 78' lang='lat' dir='ltr'>&amp;nova</span> <span class='ocrx_word' id='word_1_274' title='bbox 1297 2346 1362 2371; x_wconf 86' lang='lat' dir='ltr'>co·</span> 
     </span>
     <span class='ocr_line' id='line_1_35' title="bbox 75 2394 1362 2453; baseline -0.009 -8"><span class='ocrx_word' id='word_1_275' title='bbox 75 2405 271 2445; x_wconf 86' lang='lat' dir='ltr'>mitiorum</span> <span class='ocrx_word' id='word_1_276' title='bbox 303 2405 428 2443; x_wconf 87' lang='lat' dir='ltr'>forma</span> <span class='ocrx_word' id='word_1_277' title='bbox 454 2404 553 2452; x_wconf 87' lang='lat' dir='ltr'>fuit,</span> <span class='ocrx_word' id='word_1_278' title='bbox 582 2403 675 2453; x_wconf 87' lang='lat' dir='ltr'>quia</span> <span class='ocrx_word' id='word_1_279' title='bbox 700 2414 807 2442; x_wconf 88' lang='lat' dir='ltr'>more</span> <span class='ocrx_word' id='word_1_280' title='bbox 836 2402 1029 2450; x_wconf 87' lang='lat' dir='ltr'>majorum</span> <span class='ocrx_word' id='word_1_281' title='bbox 1054 2400 1220 2437; x_wconf 87' lang='lat' dir='ltr'>interrex</span> <span class='ocrx_word' id='word_1_282' title='bbox 1250 2394 1362 2446; x_wconf 85' lang='lat' dir='ltr'>prodi</span> 
     </span>
    </p>
   </div>
   <div class='ocr_carea' id='block_1_3' title="bbox 34 696 64 717">
    <p class='ocr_par' dir='ltr' id='par_1_5' title="bbox 34 696 64 717">
     <span class='ocr_line' id='line_1_36' title="bbox 34 696 64 717; baseline 0 0"><span class='ocrx_word' id='word_1_283' title='bbox 34 696 64 717; x_wconf 41' lang='lat' dir='ltr'>N«</span> 
     </span>
    </p>
   </div>
   <div class='ocr_carea' id='block_1_4' title="bbox 75 2512 1363 2613">
    <p class='ocr_par' dir='ltr' id='par_1_6' title="bbox 75 2512 1363 2613">
     <span class='ocr_line' id='line_1_37' title="bbox 128 2512 1363 2565; baseline -0.007 -10"><span class='ocrx_word' id='word_1_284' title='bbox 128 2524 148 2556; x_wconf 74' lang='lat' dir='ltr'>G</span> <span class='ocrx_word' id='word_1_285' title='bbox 184 2523 288 2557; x_wconf 82' lang='lat' dir='ltr'><strong>LXV.</strong></span> <span class='ocrx_word' id='word_1_286' title='bbox 311 2522 393 2555; x_wconf 87' lang='lat' dir='ltr'>Dio.</span> <span class='ocrx_word' id='word_1_287' title='bbox 415 2523 468 2565; x_wconf 90' lang='lat' dir='ltr'>Ap</span> <span class='ocrx_word' id='word_1_288' title='bbox 449 2523 562 2565; x_wconf 77' lang='lat' dir='ltr'>ppian.</span> <span class='ocrx_word' id='word_1_289' title='bbox 598 2521 619 2563; x_wconf 69' lang='grc' dir='ltr'>Ε</span> <span class='ocrx_word' id='word_1_290' title='bbox 648 2519 770 2551; x_wconf 78' lang='lat' dir='ltr'>LXVL</span> <span class='ocrx_word' id='word_1_291' title='bbox 797 2518 879 2551; x_wconf 79' lang='lat' dir='ltr'>Dio.</span> <span class='ocrx_word' id='word_1_292' title='bbox 902 2517 1050 2563; x_wconf 72' lang='lat' dir='ltr'>Appian.</span> <span class='ocrx_word' id='word_1_293' title='bbox 1078 2516 1100 2561; x_wconf 63' lang='grc' dir='ltr'><strong>ς</strong></span> <span class='ocrx_word' id='word_1_294' title='bbox 1128 2512 1363 2551; x_wconf 74' lang='lat' dir='ltr'>LXV11.Cie,</span> 
     </span>
     <span class='ocr_line' id='line_1_38' title="bbox 75 2564 878 2613; baseline -0.008 -10"><span class='ocrx_word' id='word_1_295' title='bbox 75 2568 164 2603; x_wconf 72' lang='lat' dir='ltr'>Phil.</span> <span class='ocrx_word' id='word_1_296' title='bbox 190 2570 314 2612; x_wconf 82' lang='lat'>14,6.·</span> <span class='ocrx_word' id='word_1_297' title='bbox 331 2568 477 2613; x_wconf 66' lang='lat' dir='ltr'>Appiam</span> <span class='ocrx_word' id='word_1_298' title='bbox 507 2566 577 2602; x_wconf 79' lang='lat' dir='ltr'>Jul.</span> <span class='ocrx_word' id='word_1_299' title='bbox 598 2564 725 2609; x_wconf 58' lang='lat' dir='ltr'>0101qu</span> <span class='ocrx_word' id='word_1_300' title='bbox 751 2564 878 2600; x_wconf 50' lang='lat' dir='ltr'>2312.ss</span> 
     </span>
    </p>
   </div>
  </div>
 </body>
</html>
