1685 3042
278 206 377 263 '314
440 199 534 248 JO.
570 197 1073 247 FREINSHEMII
1113 197 1468 248 SUPPLEM.

276 315 366 347 orta
397 320 443 347 ex
473 306 690 359 aequalitate
719 308 862 347 ducum
894 306 1108 354 aemulatio,
1144 305 1472 356 quemadmodum
1505 305 1562 346 so-

278 367 357 415 let,
386 370 582 409 communi
615 369 734 425 causae
763 369 894 408 attulit
922 381 1079 408 moram.

333 430 528 471 XXXIII.
555 432 631 472 Sed
667 443 738 470 nec
763 431 950 471 Antonius
987 429 1063 469 sese
1092 441 1216 479 neque
1250 427 1382 470 Fulvia
1419 428 1564 468 desere.

278 491 394 541 bant,
423 493 541 533 virilis
579 493 730 544 spiritus
764 493 929 540 mulier,
955 493 992 531 δε
1022 492 1118 531 adeo
1146 505 1224 531 non
1260 492 1396 531 timida
1430 491 1564 531 versari

278 553 378 593 inter
398 562 566 601 armatos
583 585 595 604 ‚
621 562 665 594 ut
692 556 727 594 ἅ
754 553 857 605 ipsa,
884 553 1012 603 gladio
1037 554 1183 599 cineta,
1205 553 1349 603 signum
1379 553 1468 593 dare
1496 554 1564 592 mi-

275 615 434 665 litibus,
465 616 608 656 habere
639 617 847 654 conciones
879 613 1129 654 consueverit.
1174 614 1248 653 Sed
1274 614 1356 653 haec
1383 613 1562 653 Praeneste

275 690 403 717 arcem
438 679 528 718 belli
564 679 728 724 fecerat,
755 675 882 716 multis
916 668 966 714 ad
999 675 1036 715 se
1064 676 1259 725 pertractis
1288 687 1336 714 ex
1370 674 1498 714 senatu
1527 676 1564 715 ἃ

277 741 438 791 equestri
461 742 618 788 ordine3
642 743 677 780 ἃ
700 752 789 779 cum
814 738 873 777 his
900 738 1121 789 frequenter
1143 735 1382 776 consultabat
1403 738 1450 776 de
1472 751 1563 788 prae-

275 802 458 843 sentibus.
501 805 549 843 At
576 802 744 848 Lucius,
768 800 985 851 priusquam
1021 798 1394 847 circumvallaretur,
1433 799 1564 840 emisso

274 864 438 912 Manio,
469 864 533 914 qui
557 863 732 903 festinare
761 863 981 905 Ventidium
1011 865 1046 902 &
1073 861 1282 902 Pollionem
1313 871 1494 912 cogeret3
1526 865 1563 902 Sc

275 928 448 978 equitatu
477 927 543 966 suo
568 928 761 981 (quatuor
782 934 888 965 erant
911 924 1030 964 millia
1050 956 1060 973 ‚
1086 924 1236 964 Tisieno
1268 924 1477 978 praefesto)
1498 924 1562 974 qui

276 988 429 1028 Caesaris
468 989 613 1028 amicos
652 988 859 1035 vexando,
893 987 941 1026 ab
979 986 1178 1025 obsidione
1210 998 1299 1024 eum
1334 985 1564 1033 retraheret;

275 1050 418 1090 crebris
447 1050 734 1090 excurfionibus
769 1062 886 1100 opera
921 1048 1090 1088 hostium
1118 1047 1380 1098 oppugnabat.
1417 1049 1451 1088 ἃ
1475 1060 1565 1089 cum

274 1109 396 1150 Caesar
432 1111 622 1161 oppidum
657 1119 814 1160 propter
852 1107 992 1155 colles,
1029 1107 1165 1157 quibus
1205 1115 1285 1146 erat
1317 1106 1561 1156 impositum,

271 1172 375 1212 vallo
405 1173 549 1223 septem
577 1171 741 1212 millium
768 1171 1082 1222 amplecteretur,
1113 1172 1149 1209 &
1173 1170 1219 1208 ad
1248 1168 1562 1219 prohibendum,

274 1246 323 1274 ne
349 1235 441 1285 quid
467 1235 662 1286 importari
687 1233 831 1284 posset,
855 1234 902 1273 ad
928 1233 1098 1274 Tiberim
1133 1232 1245 1282 usque
1268 1231 1382 1282 longa
1407 1229 1563 1269 brachia

276 1297 518 1339 deduxisset:
562 1298 640 1348 ipse
673 1298 835 1338 vicissim
863 1297 903 1336 in
929 1296 1058 1336 radice
1095 1294 1206 1335 collis
1234 1293 1379 1334 vallum
1406 1292 1566 1333 foss‘am-

276 1373 351 1412 que
383 1360 678 1399 obmoliebatur.

330 1423 520 1463 XXXIV.
553 1423 659 1463 Inter
693 1422 774 1461 haec
803 1423 837 1461 &
867 1418 1000 1460 Fulvia
1038 1418 1231 1457 continuis
1260 1418 1309 1456 ad
1334 1417 1563 1457 Ventidium

278 1486 315 1525 &
339 1484 553 1524 Pollionem
570 1514 580 1531 ‚
605 1484 671 1523 sed
700 1486 735 1522 ἃ
760 1484 939 1531 AteJum,
962 1483 998 1520 ἅ
1026 1480 1213 1520 Calenum
1238 1478 1356 1518 literis
1383 1478 1566 1530 urgebat,

268 1547 399 1600 ferrent
422 1560 516 1598 opem
539 1545 671 1598 obfiffis
684 1561 701 1593 ‚·
732 1558 836 1598 neque
852 1543 962 1595 fratri
989 1543 1162 1594 causaeque
1176 1541 1401 1593 ‘imperatoris
1424 1541 1484 1592 sui
1505 1541 1566 1577 de-

273 1608 387 1659 effent.
426 1607 502 1648 Sed
541 1608 576 1647 δέ
611 1606 760 1646 noviter
788 1615 961 1656 paratum
993 1604 1228 1650 exercitum,
1260 1602 1359 1641 duce
1387 1601 1566 1642 Munatio

275 1670 441 1719 Planco,
461 1670 582 1717 misit3
610 1683 631 1708 a
651 1682 726 1720 quo
754 1668 854 1719 legio
879 1667 1056 1714 Caesaris,
1083 1679 1165 1715 quae
1191 1665 1289 1704 forte
1315 1665 1476 1705 Romam
1504 1676 1569 1714 pe-

277 1731 409 1776 tebat,
430 1730 643 1779 intercepta
665 1739 779 1779 atque
805 1727 955 1767 concisa
981 1727 1044 1767 est.
1079 1725 1222 1773 Caesar,
1242 1736 1283 1764 ut
1311 1725 1414 1764 hunc
1443 1727 1476 1766 &
1508 1738 1564 1765 re.

275 1791 426 1842 liquos,
453 1794 516 1842 qui
546 1793 691 1831 moveri
713 1799 931 1841 coeperant,
949 1789 1185 1840 distringeret
1202 1820 1212 1836 ‚
1239 1789 1366 1828 relicta
1392 1789 1440 1827 ad
1466 1788 1563 1827 obfi-

278 1855 435 1894 dionem
465 1854 617 1893 Perusiae
646 1862 752 1904 parte
774 1853 973 1902 copiarum
989 1882 999 1898 ‚
1022 1863 1111 1890 cum
1132 1850 1295 1901 Agrippa
1321 1849 1378 1888 his
1405 1849 1560 1888 obviam

279 1917 474 1968 profectus
487 1946 497 1962 ‚
512 1915 663 1963 effecit,
681 1924 741 1963 ut,
756 1914 973 1965 priusquam
991 1915 1332 1963 conjungerentur,
1348 1911 1481 1950 itinere
1503 1909 1565 1949 ab·

279 1989 418 2030 rupto,
445 1979 604 2019 Plancus
630 1978 843 2029 Spoletium
875 1977 910 2016 se
941 1976 1155 2026 reciperet,
1181 1972 1382 2011 Ventidius
1415 1973 1449 2010 ἃ
1474 1969 1565 2010 Pol-

278 2040 333 2080 lio
362 2041 580 2081 Ravennam
612 2040 706 2079 alter
733 2049 898 2090 peteret,
934 2037 1027 2077 alter
1049 2035 1273 2076 Ariminum.
1310 2033 1460 2072 Idcirco
1484 2031 1565 2072 Cae-

278 2102 357 2151 sar,
382 2102 587 2152 oppofitis‚
604 2102 667 2152 qui
685 2101 753 2141 hos
775 2109 1013 2140 morarentur
1027 2129 1037 2146 ,
1064 2095 1245 2138 Perusiam
1265 2094 1430 2133 reversus
1444 2125 1457 2142 ‚
1477 2106 1562 2132 mu·

280 2166 445 2206 nitiones
473 2164 655 2212 absolvit,
681 2164 782 2204 fossis
812 2164 1013 2203 altitudine
1042 2171 1159 2211 atque-
1180 2158 1379 2197 latitudine
1406 2157 1562 2207 triginta

281 2229 446 2280 pedum,
478 2227 716 2278 turribusque
747 2228 885 2277 ligneis
919 2226 1023 2265 mille
1059 2223 1299 2276 quingentis,
1328 2235 1407 2261 non
1438 2221 1564 2258 minus

284 2290 488 2340 diligenter
517 2289 695 2329 adversus
734 2289 922 2330 soluturos
952 2288 1215 2334 obsidionem,
1246 2297 1358 2335 quam
1387 2280 1562 2323 adversus

285 2353 474 2402 obsessos,
503 2354 694 2394 institutis.

333 2472 356 2515 §
379 2472 518 2503 XXXII.
542 2473 681 2505 Sueton.
696 2471 729 2502 in
747 2473 830 2514 Aug.
847 2483 876 2503 c.
897 2480 947 2503 12.
973 2468 1051 2504 1320.
1073 2469 1221 2513 Appian.
1254 2466 1275 2512 S
1298 2463 1453 2500 xxxm.
1472 2463 1562 2497 flor.

286 2520 308 2558 a<
325 2545 334 2559 ,
361 2527 391 2559 ς.
416 2516 538 2560 Vellei.
564 2528 603 2558 2,
627 2528 681 2559 74.
706 2516 852 2561 Appian.
876 2515 958 2549 Dio.
