1685 3042
312 227 353 269 „4
445 207 540 254 JO.
586 201 1092 250 faurusHEMii
1144 198 1506 245 suppl-EM.

326 314 512 366 quidquid
531 312 728 353 adversum
755 309 923 362 partibus
947 308 1169 354 videbatur,
1192 305 1324 345 validis
1345 304 1518 355 praesidiis
1539 314 1604 342 oc-

306 378 544 428 -cupabant3
568 382 633 414 aut
653 375 750 412 vires
776 371 943 410 nocendi
979 367 1232 409 detrahebant
1248 365 1445 416 suspeetis.
1481 364 1604 404 Maxi-

324 452 389 480 me
415 438 673 478 consultatum
692 435 743 474 est
769 434 819 473 de
845 433 981 479 Utica,
1008 430 1211 482 praevalida
1239 428 1330 467 urbe
1346 457 1358 476 .,
1389 429 1424 467 ἅ
1454 427 1496 464 in
1520 439 1604 475 par-

322 508 383 539 tes
404 499 557 540 Caesaris
582 499 772 549 proniore.
813 493 1083 535 infensissimus
1106 490 1344 532 Uticensibus
1369 488 1468 537 ana
1499 495 1577 525 erat
1593 515 1606 533 ‚

325 561 467 612 eosque
489 561 623 600 concidi
644 573 782 606 omnes,
807 557 917 596 urbem
935 556 1016 609 sblo
1041 535 1172 606 adquari
1197 552 1379 602 jubebat:
1412 550 1604 597 ceterique

321 630 428 663 metu
448 631 513 661 aut
535 620 786 659 assentatione
816 615 1082 656 concedebant
1102 616 1141 652 in
1163 613 1404 652 sententiam.

389 685 471 725 VII.
509 684 566 724 Ibi
600 683 722 730 Cato,
750 682 908 720 summis
934 679 1076 719 viribus
1102 677 1277 724 obnisus,
1311 675 1456 715 salvum
1484 673 1604 723 oppi-

325 746 420 786 dum
453 745 631 785 retinuit:
660 742 956 794 sponsoremque
987 737 1128 778 obtulit
1152 750 1222 788 pro
1249 735 1516 788 Utreenfibus,
1545 744 1606 771 ea-

309 821 402 860 ,que
430 807 549 859 gratia
572 804 781 845 custodiam
806 803 925 844 Uticae
942 833 954 850 ‚
971 800 1214 849 ,finitimique
1239 800 1274 837 &
1298 797 1411 836 maris
1445 799 1479 836 &
1505 796 1607 845 agri,

325 871 535 911 mandante
556 869 760 918 Scipione,
787 864 925 904 lubens
957 863 1128 911 recepit:
1167 859 1378 909 utilemque
1411 857 1606 908 partibus,

329 935 366 973 ἅ
389 944 514 971 rerum
540 932 714 970 omnium
739 927 843 966 velut
867 925 1046 979 horreum
1067 921 1223 969 effecit,
1255 932 1359 959 arma
1375 950 1386 967 ,
1414 930 1608 957 commea-

326 1002 411 1042 tus,
433 992 632 1032 machinas
659 989 751 1028 hinc
775 987 1007 1027 exercitibus
1032 983 1304 1030 ministrando,
1336 995 1450 1033 quam
1473 981 1609 1019 incon-

326 1057 424 1097 sulta
463 1065 675 1094 ceterorum
713 1053 769 1091 ira
801 1050 966 1089 deletam
1001 1050 1208 1098 cupiverat.
1241 1048 1293 1085 ita
1329 1042 1536 1082 crudelitas
1573 1044 1609 1081 δε

326 1118 497 1156 amentia
534 1114 630 1164 saepe
657 1115 697 1151 in
730 1111 792 1151 sua
828 1110 998 1161 praefidia
1030 1108 1199 1148 saeviunt.
1243 1106 1425 1156 Ejusdem
1451 1104 1610 1143 Catonis

326 1178 486 1233 hortatu
520 1175 638 1228 paulo
675 1175 758 1226 post
793 1174 910 1229 etiam
942 1173 981 1211 in
1014 1170 1199 1222 Hispania
1234 1182 1418 1220 magnum
1464 1165 1608 1206 bellum

326 1242 403 1282 Cn.
431 1241 635 1290 Pompejus
669 1235 889 1276 adolescens
915 1234 1108 1274 excitavit.
1144 1233 1246 1273 Nam
1269 1230 1440 1269 hominis
1468 1225 1609 1278 gravis-

331 1305 414 1344 simi
433 1303 556 1342 verbis
587 1300 823 1346 stimulatus,
843 1313 908 1351 pro
932 1297 1137 1338 claritudine
1157 1306 1331 1347 paterna,
1355 1291 1543 1344 relifflisque
1566 1289 1611 1327 ab

331 1384 372 1407 eo
392 1367 584 1412 clientelis,
603 1379 729 1418 magno
746 1364 860 1403 animo
875 1360 1042 1412 jubentis
1058 1359 1298 1413 rempublicam
1318 1355 1503 1408 capessere,
1524 1366 1611 1404 pro-

331 1432 457 1471 fectus
485 1429 531 1468 ab
558 1430 673 1469 Utica
698 1427 739 1466 in
769 1438 928 1475 regnum
955 1423 1123 1474 Bogudis
1139 1453 1152 1470 ‚
1183 1418 1430 1471 repulsusque
1453 1429 1473 1455 a
1499 1416 1611 1456 Mau·

331 1493 408 1539 ris,
433 1489 582 1539 trajecit
612 1489 652 1527 in
682 1487 856 1528 Baleares
889 1485 1038 1525 insulas.
1077 1484 1191 1532 inde,
1218 1482 1383 1533 cognitis
1420 1478 1610 1530 Hispaniae

332 1552 476 1600 turbis,
502 1562 662 1600 quarum
691 1561 738 1588 ex
764 1546 937 1588 Cassiano
963 1545 1131 1586 tumultu
1159 1557 1306 1596 magnae
1335 1545 1371 1582 ἃ
1396 1554 1499 1580 acres
1526 1539 1613 1578 reli·

333 1614 434 1664 quiae
458 1620 589 1660 erant,
616 1610 721 1650 brevi
745 1617 918 1660 tempore
940 1608 1102 1658 insignes
1135 1606 1174 1645 in
1211 1605 1390 1644 ulteriore
1417 1601 1615 1653 provincia

333 1673 548 1727 progressus
572 1668 689 1721 fecit·,
721 1673 755 1711 ὁὶ
784 1671 872 1721 quia
895 1683 966 1709 nec
994 1669 1197 1715 Afranius,
1224 1678 1296 1705 nec
1319 1666 1482 1712 Petrejus
1511 1662 1614 1701 exci-

333 1751 430 1790 pere
448 1767 451 1795 3
461 1736 629 1777 delatum
654 1735 701 1775 ab
727 1735 807 1786 ipso
835 1733 1040 1784 imperium
1074 1732 1292 1778 voluerant,
1325 1726 1505 1767 ulteriora
1529 1726 1616 1765 sub-

336 1801 430 1840 inde
462 1799 613 1847 moliri,
639 1800 674 1839 ἃ
706 1810 772 1848 per
798 1796 834 1836 se
863 1795 1121 1836 administrare
1148 1793 1293 1833 bellum
1322 1790 1452 1841 coepit.

392 1862 496 1901 VIII.
529 1864 578 1902 At
608 1861 760 1900 diversis
787 1859 901 1910 longe
932 1858 1033 1898 orbis
1060 1856 1229 1907 partibus
1257 1852 1400 1901 Caesar‘,
1422 1860 1614 1891 conventu

340 1923 508 1965 Cilicum
539 1923 642 1964 Tarsi
675 1925 785 1970 aeto,
818 1935 884 1972 per
913 1920 1200 1970 Cappadociam
1243 1916 1389 1967 magnis
1418 1913 1614 1954 itineribus

340 1985 512 2025 Comana
539 1984 663 2024 venit:
691 1983 819 2033 ibique
842 1981 1053 2021 sacerdotio
1082 1979 1291 2031 Lycomedi
1318 1976 1481 2022 tradito,
1506 1975 1570 2026 qui
1594 1987 1616 2014 e

340 2036 448 2098 regid
477 2047 750 2097 Cappadocum
778 2057 915 2095 genere
941 2042 1107 2083 ducebat
1137 2042 1312 2092 stirpem,
1336 2038 1448 2088 hujus
1473 2039 1511 2076 in
1538 2051 1619 2086 gra-

341 2111 436 2149 tiam
466 2118 627 2159 quatuor
665 2107 840 2147 schoenos
874 2107 952 2156 agri
989 2105 1037 2144 ad
1066 2106 1208 2155 priores
1242 2101 1441 2142 sacerdotii
1481 2097 1617 2149 poss'es-

343 2171 465 2211 siones
498 2170 666 2218 adJ'ecit:
704 2171 739 2209 Sc
778 2167 966 2208 Ariarathi
995 2166 1100 2205 fratri
1133 2164 1229 2214 regis
1260 2161 1521 2203 Ariobarzanis
1553 2160 1617 2212 (is

343 2233 551 2274 obtinuisse
591 2233 692 2283 prius
725 2232 766 2270 id
796 2230 1050 2270 sacerdotium
1091 2225 1273 2279 videtur)
1303 2224 1477 2275 quaedam
1515 2221 1620 2261 attri-

344 2295 455 2344 buit,
480 2307 529 2333 ne
551 2293 692 2332 otiosus
719 2295 754 2333 δι
784 2305 900 2344 egens
925 2292 1029 2332 fratri
1058 2290 1336 2341 suspicionem,
1368 2287 1435 2325 fibi
1460 2287 1618 2336 pericu-

407 2427 430 2470 5
466 2426 629 2459 V1.·L·1v.
662 2427 750 2470 Epir.
782 2429 861 2460 Dio.
901 2427 990 2460 Plut.
1029 2428 1049 2469 §
1078 2425 1157 2457 Vll.
1189 2424 1266 2456 Liv.
1296 2423 1385 2466 Epit.
1416 2420 1503 2452 Plut.
1538 2418 1620 2452 Dio.

345 2470 444 2560 {1:515
467 2471 508 2549 ἒς,-
524 2470 574 2550 Ab.
603 2471 705 2503 Afric.
735 2483 764 2504 c.
797 2483 853 2506 22.
884 2473 957 2505 Cic.
990 2471 1029 2504 ad
1058 2470 1163 2504 Attic.
1191 2479 1255 2509 12,
1286 2480 1318 2501 2.
1345 2465 1482 2499 tiu-stor-
1515 2465 1555 2497 de
1580 2463 1618 2496 Β·
