1685 3042
303 204 398 256 '218
465 205 559 255 JO.
593 205 1126 254 FREINSHEMII
1163 206 1532 259 SUPPLEMJ

354 312 535 353 LXXIV.
563 314 715 354 Haterii
731 313 876 363 servus,
893 315 985 354 hero
1007 314 1178 365 prodito,
1195 316 1326 354 nac‘tus
1345 313 1559 354 libertatem
1575 343 1590 364 ,

300 373 395 413 dum
430 375 635 415 facultates
671 376 784 416 occisi
813 376 1104 425 subhastantur,
1141 376 1270 416 liberis
1305 377 1454 416 Haterii
1485 377 1590 416 bona

298 446 458 488 paterna
489 440 677 479 redimere
704 440 972 491 cupientibus,
1002 441 1200 492 improbus
1234 440 1399 481 licitator
1423 440 1459 480 se
1480 440 1592 490 obje-

299 507 416 538 cerat.
450 499 511 540 Illi
529 531 540 549 ,
566 512 740 553 tempora
772 515 852 541 non
878 503 952 542 anfi
973 504 1160 554 arguere,
1179 515 1268 543 cum
1291 502 1439 542 filentio
1469 504 1504 543 &
1528 502 1592 541 la-

299 562 429 601 crimis
455 562 731 615 affectabantur
759 562 997 602 nebulonem
1015 594 1025 611 ,
1055 564 1180 602 donec
1217 573 1414 603 commota
1449 561 1587 614 populi

300 625 517 675 indignatio
546 628 702 666 extudit
734 639 754 664 a
777 626 1006 666 Tribusviris
1022 657 1033 674 ,
1057 635 1100 665 ut
1123 639 1211 665 eum
1241 626 1365 665 rursus
1391 624 1591 676 proscripti

300 686 432 727 liberis
468 690 508 728 in
539 688 760 728 servitutem
788 689 1025 728 addicerent.
1066 689 1170 728 Alius
1194 689 1415 727 conservum
1446 688 1590 735 suum,

297 749 463 801 pulchro
488 751 759 800 stratagemate
786 750 918 804 (quali
948 752 984 791 δε
1011 751 1222 801 Panopioni
1256 759 1403 801 partam
1428 750 1589 790 salutem

298 811 429 861 postea
453 811 790 861 memorabimus)
814 813 934 850 vitam
958 809 1042 849 heri
1068 819 1194 849 morte
1215 810 1280 850 sua
1305 811 1591 858 redemturum,

300 881 492 922 vetuerat,
514 874 772 913 demonstrata
801 873 988 914 militibus
1016 874 1183 914 fallacia.
1212 873 1332 924 Igitur
1356 881 1513 912 necatus
1537 871 1593 910 est

300 936 504 975 dominus:
537 936 602 979 sed
632 937 801 987 populus
828 949 908 975 non
937 936 1082 976 destitit
1115 936 1333 975 obtundere
1366 934 1587 981 Tresviros‚

300 998 426 1037 donec
462 1000 580 1039 index
612 999 678 1039 ille
714 999 888 1051 patibulo
906 1029 917 1048 ,
951 998 1077 1039 fidelis
1107 1008 1241 1039 autem
1269 998 1394 1038 servus
1421 996 1591 1046 libertati

297 1059 566 1100 vindicaretur.

354 1121 513 1165 LXXV.
538 1123 586 1162 At
608 1122 816 1163 Urbinium
833 1122 1116 1173 Panopionem,
1135 1123 1174 1161 in
1192 1121 1291 1162 villae
1316 1121 1486 1162 Reatinae
1507 1119 1592 1171 spe.

301 1182 417 1224 lunca
450 1183 692 1233 latitantem,
722 1197 813 1228 cum
850 1185 977 1224 infesti
1017 1184 1156 1224 milites
1186 1194 1389 1235 peterent;
1415 1195 1512 1223 unus
1541 1194 1592 1222 ex

300 1243 415 1284 servis
442 1247 546 1294 ejus,
574 1246 674 1285 veste
701 1259 790 1285 cum
820 1247 979 1285 domino
1018 1256 1258 1297 permutata,
1295 1247 1501 1295 sumtoque
1527 1257 1594 1283 an-

302 1306 423 1354 nulo,
456 1307 734 1358 percussoribus
768 1309 845 1348 sese
886 1309 1054 1359 objecit,
1096 1311 1190 1348 nihil
1222 1311 1359 1363 causari
1389 1308 1593 1355 dictitans,

301 1384 369 1423 quo
397 1370 510 1408 minus
532 1371 738 1422 imperatum
755 1383 969 1423 peragerent.
1001 1372 1066 1411 Sic
1092 1370 1157 1409 ille
1182 1383 1252 1420 pro
1280 1369 1502 1418 Panopione
1535 1369 1595 1407 in-

303 1431 517 1480 terfeetus‚
546 1432 699 1483 pietatis
732 1432 808 1471 hoc
838 1433 967 1483 postea
993 1434 1191 1484 praemium
1219 1433 1267 1471 ab
1298 1432 1457 1470 domino
1493 1439 1596 1469 retu-

302 1492 376 1540 lit,
406 1501 449 1532 ut
472 1492 601 1543 amplo
631 1504 887 1532 monumento
905 1525 916 1543 ,
942 1496 1111 1544 factique
1143 1493 1392 1544 pulcherrimi
1420 1492 1595 1531 testimo-

302 1557 410 1596 nium
446 1556 695 1606 praeferente,
723 1557 969 1596 conderetur.
1000 1557 1172 1598 Menenii
1195 1556 1322 1595 servus
1350 1556 1391 1594 in
1416 1554 1595 1595 lecticam

307 1620 456 1659 domini
494 1629 670 1670 opertam
706 1619 744 1659 se
780 1619 976 1669 conjecit,
1003 1619 1087 1659 aliis
1117 1633 1138 1660 e
1163 1619 1311 1659 familia
1351 1617 1597 1658 succollanti-

305 1683 404 1732 bus,
438 1694 553 1733 atque
593 1685 646 1723 ita
686 1683 910 1723 interfectus
941 1696 1011 1734 pro
1045 1682 1164 1732 hero,
1200 1682 1391 1723 evadendi
1420 1682 1459 1719 in
1491 1679 1594 1721 Sici-

305 1746 396 1786 liam
425 1748 458 1786 ei
492 1747 655 1797 spatium
692 1747 870 1797 praebuit.

362 1811 539 1851 LXXVI.
556 1811 629 1851 Sed
652 1810 690 1849 hi
720 1811 875 1861 quidem
903 1807 1274 1854 beneficiisaffe‘fti,
1290 1806 1500 1846 retulerunt
1515 1819 1594 1845 me-

303 1871 473 1911 rentibus
502 1873 687 1922 gratiam:
723 1874 847 1920 majus
885 1871 1109 1910 miraculum
1134 1870 1206 1909 fuit
1233 1871 1272 1907 in
1297 1868 1504 1920 stigmatia,
1529 1866 1596 1916 qui

303 1936 462 1975 Antium
483 1934 702 1975 Restionem
714 1937 831 1974 noctu
852 1935 1078 1985 fugientem,
1095 1942 1135 1972 ut
1157 1940 1328 1983 poterat,
1348 1932 1386 1969 in
1402 1929 1595 1979 compede

307 1993 520 2042 assecutus,
550 1996 682 2033 terruit
711 1994 880 2044 primum
911 1993 1064 2044 aspet‘tu
1094 1993 1191 2041 su0;
1225 1991 1364 2031 deinde
1394 1990 1596 2029 confirma-

305 2056 384 2103 vit,
408 2055 497 2094 hono
516 2055 654 2104 jubens
676 2055 736 2106 ejffe
762 2056 901 2103 animo,
918 2055 988 2107 fibi
1011 2052 1174 2103 majorem
1200 2065 1409 2103 acceptorum
1433 2049 1517 2087 olim
1541 2050 1596 2088 be-

307 2116 502 2168 neficiorum
520 2148 531 2163 ‚
560 2131 663 2169 quam
699 2116 805 2170 hujus
833 2116 993 2167 injuriet,
1024 2115 1217 2153 memoriam
1248 2113 1338 2165 effe.-
1368 2110 1595 2150 abstrusum-

308 2192 383 2229 que
413 2180 450 2217 in
483 2178 703 2229 speluncam
733 2179 967 2228 quotidianis
992 2176 1117 2229 operis
1147 2175 1252 2214 aluit.
1284 2174 1473 2214 Postremo
1502 2185 1593 2212 cum

306 2241 542 2291 suspicantes
577 2254 656 2280 rem
691 2241 831 2280 milites
870 2239 1179 2290 supervenirent,
1214 2235 1395 2275 exstruxit
1425 2246 1589 2284 rogum,

309 2305 346 2343 δε
370 2302 494 2342 senem
509 2333 520 2351 ‚
534 2303 631 2342 forte
647 2302 820 2341 oblatum
835 2331 845 2347 ,
863 2302 1007 2341 occidit
1021 2331 1032 2348 ‚
1056 2309 1170 2351 atque
1189 2299 1225 2337 in
1251 2309 1382 2348 pyram
1398 2294 1593 2346 imposuit.

309 2367 532 2414 dominum,
550 2366 639 2406 data
663 2365 851 2405 interfecti
866 2364 988 2412 veste,
1004 2363 1170 2403 dimifit:
1190 2361 1267 2411 ipse
1290 2359 1415 2399 induit
1431 2357 1592 2397 herilem

357 2485 377 2522 Q
404 2483 554 2515 LXXIV.
585 2482 727 2525 Appian.
753 2481 773 2525 5
799 2482 936 2513 LXXV.
962 2483 1038 2513 Vni.
1064 2481 1156 2513 Max.
1181 2479 1223 2521 6,
1251 2489 1279 2519 5.
1306 2477 1458 2511 Macrob.
1479 2476 1595 2509 Satur-

309 2528 376 2561 nal.
401 2542 437 2569 1,
465 2540 513 2564 ιι.
542 2528 687 2573 Appiam.
709 2528 825 2562 Senec.
847 2528 886 2560 de
911 2526 1024 2561 benef.
