1685 3042
237 194 317 242 1N
362 193 949 242 LOC.L113.chv1
999 194 1144 244 mv,
1267 211 1356 260 335

148 299 327 340 XXXII.
354 300 415 340 Sic
450 298 623 339 Perufina
657 299 802 347 fames,
830 313 912 349 quae
949 314 1041 340 mox
1074 307 1229 352 propter
1255 300 1361 341 sum0'

79 374 190 401 mum
226 361 390 412 exempli
421 361 620 400 horrorem
658 360 762 400 velut
798 362 1000 411 proverbio
1039 365 1171 412 jaci-ari
1213 365 1357 413 coepit,

78 429 201 461 totam
235 422 385 462 Italiam
423 420 771 461 formidolosiffimo
805 422 907 461 bello
947 423 1133 465 liberavit.
1175 425 1359 465 Maximae

80 484 184 521 enim
212 484 308 522 vires
332 483 633 522 Antonianorum
658 483 832 532 fuerant;
863 484 904 523 C.
931 484 1097 533 Asinius,
1118 486 1159 526 L.
1187 487 1359 536 Plancus,

78 543 120 585 P.
147 546 370 593 Ventidius,
398 546 435 585 P.
466 546 673 595 Canidius,
702 546 870 596 Craffus,
899 541 1051 596 Atejus‚
1078 547 1216 598 aliique
1244 552 1359 589 duces

79 606 264 645 tredecim
292 607 482 646 exercitus
507 607 723 656 ducebant,
755 611 789 649 δι
817 610 988 659 equitum
1015 608 1079 649 sex
1105 610 1224 649 millia
1251 612 1362 661 quin-

76 677 225 720 gentos.
268 670 315 709 Hi
344 669 515 720 plerique
541 684 701 721 omnes,
725 672 829 712 Lucii
852 671 936 712 casu
965 672 1155 720 exterriti,
1184 674 1232 711 ad
1257 685 1359 712 mare

76 731 379 779 descenderunt,
403 732 668 780 Brundisium,
693 742 759 772 aut
787 734 1033 782 Ravennam,
1061 743 1127 772 aut
1150 733 1359 774 Tarentum

73 802 278 844 petentes:
315 803 429 844 atque
464 795 555 833 inde
590 808 674 845 pars
700 795 748 834 ad
775 796 1000 846 Pompejum
1037 795 1296 848 Murcumque
1323 799 1359 836 Sc

75 853 377 895 Ahenobarbum
413 855 449 894 se
488 856 675 905 contulit3
710 857 773 895 alii
811 858 1034 896 tranfierunt
1073 858 1121 895 ad
1154 857 1212 896 M.
1241 859 1361 899 Anto.

73 916 194 955 nium.
234 916 534 967 Insequebantur
561 918 778 967 Caesariani‚
802 932 935 970 pacem
956 917 1157 957 offerentes
1174 949 1185 966 ,
1208 919 1244 957 &
1265 929 1360 956 con-

74 978 292 1017 tumacibus
331 979 469 1018 infesti.
506 980 581 1019 Sed
617 979 718 1019 nihil
752 981 901 1020 efficere
931 979 1180 1019 memorabile
1218 987 1362 1029 potue-

73 1046 163 1077 runt
183 1068 193 1086 ,
219 1039 285 1077 nisi
323 1041 428 1090 quod
460 1041 627 1091 Agrippa
660 1042 753 1081 duas
779 1041 951 1088 legiones
987 1041 1036 1078 ad
1066 1040 1102 1078 se
1124 1039 1357 1089 transduxit,

74 1112 166 1150 quas
184 1098 341 1138 Plancus
368 1101 551 1139 Cameria:
578 1102 794 1149 reliquerat.
820 1101 944 1150 Atque
966 1101 1068 1139 idem
1095 1100 1275 1148 Plancus,
1299 1115 1358 1141 re-

6 1166 10 1170 '
72 1160 178 1211 liquo
213 1162 330 1199 etiam
362 1161 527 1200 exercitu
558 1162 744 1211 ignaviter
781 1161 953 1211 deserto,
979 1161 1119 1202 Fulviae
1153 1175 1239 1202 cum
1266 1164 1360 1203 libe.

73 1224 125 1264 :ris
152 1222 311 1273 fugienti
346 1222 382 1262 se
412 1225 588 1273 adjunxit
620 1225 827 1272 comitem3
870 1233 985 1275 atque
1015 1225 1079 1264 illa
1118 1237 1204 1264 cum
1238 1226 1357 1266 tribus

9 1320 11 1322 .
75 1284 245 1325 millibus
280 1285 474 1334 equitum,
510 1298 605 1336 quos
641 1288 675 1325 ei
705 1287 820 1325 duces
856 1285 1015 1336 praefidii
1053 1286 1163 1325 causa
1198 1286 1357 1325 addide-

10 1367 11 1370 =
71 1354 184 1393 rant,
210 1345 410 1393 Puteolos,
437 1347 471 1385 ἃ
505 1346 593 1384 inde
625 1345 864 1384 Brundisium
894 1346 1115 1393 contendit,
1141 1358 1229 1384 cum
1254 1348 1356 1385 navi-

70 1407 144 1448 bus
165 1406 287 1457 longis
312 1408 499 1456 quinque,
524 1407 572 1445 ad
590 1406 665 1445 hoc
688 1419 708 1444 e
731 1406 965 1446 Macedonia
989 1407 1145 1455 accitis,
1162 1407 1210 1446 ad
1233 1407 1355 1447 virum

69 1470 286 1518 trajectura.
321 1467 574 1518 Reliquorum
609 1468 787 1508 nonnulli
815 1470 1074 1517 adjunxerunt
1097 1468 1134 1507 se
1164 1469 1203 1508 P.
1228 1469 1355 1508 Venti-

8 1531 10 1569 ζ
72 1531 153 1570 dio.
192 1531 253 1571 Sic
289 1531 432 1570 Asinius
471 1530 616 1577 Pollio,
648 1530 711 1580 qui
745 1543 832 1568 cum
868 1529 1011 1581 septem
1042 1529 1256 1580 legionibus
1283 1532 1353 1570 Ve-

7 1585 9 1593 ἶ
69 1595 217 1633 netiam
249 1595 312 1632 diu
351 1592 553 1631 retinuerat
583 1594 770 1642 Antonio,
804 1592 1031 1644 magnasque
1056 1607 1112 1633 res
1139 1595 1237 1634 circa
1262 1594 1353 1635 Alti.

21 1691 26 1698 ,
69 1668 165 1695 num
197 1654 376 1706 gesserat,
404 1654 496 1693 dum
520 1654 728 1694 Antonium
755 1654 872 1703 petit,
893 1654 1108 1694 Domitium
1132 1655 1354 1696 Ahenobar.

8 1729 10 1748 τ
68 1714 189 1763 bum,
215 1715 291 1754 fide
322 1714 409 1753 data
431 1744 442 1762 ‚
469 1713 683 1753 transduxit
715 1714 763 1753 ad
789 1724 928 1765 partes.

128 1775 324 1816 XXXIII.
357 1775 668 1825 Scripseruntque
711 1775 825 1815 ambo
864 1777 913 1815 ad
947 1777 1181 1825 Antonium,
1215 1777 1352 1828 eique,

66 1846 252 1888 tanquam
282 1850 371 1876 mox
400 1836 589 1885 assutum,
626 1836 887 1877 exscensiones
918 1840 953 1879 &
994 1848 1231 1878 commeatus
1265 1854 1353 1890 pro.

8 1948 9 1952 Ἰ
65 1899 264 1938 videbant.
305 1898 440 1937 Sextus
470 1909 620 1947 quoque
655 1897 884 1947 Pompejus,
914 1911 982 1948 per
1007 1897 1349 1947 Juliam‚Antonii

8 1956 11 1971 ²
68 1969 229 2001 matrem
247 1990 257 2008 ,
285 1973 398 2010 quam
423 1959 462 1997 in
490 1958 616 1999 Sicilia
651 1960 810 1998 comiter
837 1970 1062 2011 exceperat,
1095 1961 1142 2000 de
1180 1962 1351 2002 amicitia

8 2059 9 2064 ,
68 2035 159 2062 curn
186 2036 230 2061 eo
263 2035 371 2073 agere
399 2021 528 2072 coepit.
559 2021 659 2061 Inter
681 2021 761 2061 haec
789 2021 908 2061 Caesar
935 2022 1080 2074 reliqua
1105 2023 1246 2071 Italiae,
1266 2036 1350 2073 quae

8 2089 9 2096 ¹
67 2084 248 2135 praesidiis
281 2083 580 2123 adversariorum
619 2093 804 2134 occupata
837 2085 1014 2134 fuerant,
1050 2087 1163 2126 armis
1195 2094 1259 2124 aut
1282 2099 1348 2125 vo-

8 2144 11 2172 s
67 2144 215 2183 luntate
254 2144 494 2184 defensorum
521 2145 672 2196 recepit.
708 2146 790 2185 Nec
821 2147 982 2186 tacenda
1010 2147 1122 2187 Liviae
1155 2160 1244 2187 mox
1273 2148 1348 2187 Au-

8 2230 9 2250 ;
69 2196 184 2255 3²11stae
211 2205 389 2253 fortuna,
417 2218 598 2257 magnum
623 2205 768 2245 habens
796 2209 830 2247 δι
855 2207 945 2246 utile
969 2209 1195 2247 mortalibus
1218 2221 1348 2247 exem-

65 2265 175 2316 plum
212 2266 486 2306 mutabilitatis.
533 2265 593 2306 Ti.
621 2266 801 2306 Claudius
833 2269 961 2317 Nero,
992 2269 1047 2307 vir
1080 2269 1275 2319 praetorius
1308 2269 1344 2308 ἃ.

69 2386 237 2437 partibus
279 2387 511 2439 perstitisset3
545 2387 723 2427 Praeneste
758 2389 950 2443 primum,
984 2390 1125 2430 deinde
1151 2388 1340 2442 Neapolim

117 2506 140 2550 g
167 2505 308 2542 xxxn.
333 2507 479 2552 Appian.
509 2506 605 2552 Pigh.
632 2507 744 2544 annal.
767 2515 844 2552 713.
869 2505 953 2546 Dio,
973 2505 1096 2551 Vellej.
1118 2515 1155 2548 2,
1179 2505 1236 2549 46·
