1685 3042
262 199 344 246 IN
389 197 562 245 LOC.v
595 196 732 243 LIB.
767 197 1000 244 CXXVII*
1037 197 1181 245 LIV.
1273 210 1367 261 339

87 305 157 346 bus
188 307 224 346 δι
262 305 442 345 sacrificia
481 305 611 353 faeta,
637 304 673 344 &
705 303 1070 344 senatusconsultum
1101 305 1142 343 in
1172 303 1370 354 Capitolio

83 367 206 409 fixum
241 369 308 409 est.
353 369 509 409 Novum
535 379 672 418 ‘regem
702 366 840 405 eodem
871 366 932 405 die
966 368 1156 407 Antonius
1182 368 1365 407 convivio

85 432 247 481 excepit.
689 482 697 488 .

135 497 329 539 XXXIII.
375 498 452 538 Sed
486 496 555 537 ille
591 499 630 537 in
660 497 834 545 Judaeam
865 497 1094 547 properabat
1126 499 1176 537 ad
1206 498 1364 539 fratrem

77 562 318 611 eripiendum
342 561 576 612 Josephum‚
605 560 825 611 ceterosque
852 561 1032 610 suorum,
1057 562 1121 611 qui
1153 563 1193 600 in
1222 562 1364 602 Maffa-

81 622 185 662 densi
219 622 371 662 castello
413 624 460 663 ab
497 625 689 674 Antigono
728 622 1007 662 obsidebantur.
1055 622 1160 662 Inter
1200 621 1280 661 haee
1320 623 1364 663 L.

79 683 228 724 Marcio
263 685 304 725 L.
330 685 369 724 F.
395 685 627 733 Censorino,
658 686 700 725 C.
727 684 888 725 Calvisio
919 684 1061 724 Sabino
1093 683 1269 723 dantibus
1298 697 1364 723 ana

77 757 130 784 no
160 748 341 793 nomina,
370 761 533 797 quorum
561 747 786 787 Censorinus
812 745 896 786 Kal.
924 745 1110 794 Januariis
1137 744 1243 783 simul
1269 757 1362 783 con-

76 805 240 847 sulatum
263 839 275 856 ,
308 808 414 849 fimul
447 822 495 848 ex
522 808 769 857 „Macedonia
803 807 1041 857 triumphans
1076 806 1210 846 urbem
1245 807 1358 854 iniit,

74 866 264 908 Dardanis
289 870 329 907 in
356 870 588 910 Macedonia
612 869 804 921 repreffis3
833 869 984 908 senatus
1015 871 1096 908 aeta
1121 867 1358 908 Triumviro-

74 942 159 968 rum
191 933 319 970 omnia
350 932 397 970 ab
430 934 538 972 initio
567 934 649 982 ejus
676 931 911 982 magistratus
935 938 1014 970 rata
1043 929 1115 969 effe
1143 929 1260 979 juflit.
1294 941 1358 967 ve-

73 991 223 1041 ctigalia
250 1006 351 1032 nova
380 994 568 1043 instituta,
598 1008 678 1033 non
699 993 994 1041 sufficientibus,
1015 1006 1100 1043 quae
1125 992 1279 1030 decreta
1303 991 1367 1030 di,

74 1055 209 1092 statori
240 1054 374 1095 Caesari
406 1058 568 1096 fuerant.
613 1057 768 1107 Quippe
802 1065 876 1095 tres
911 1057 991 1105 jam
1025 1054 1154 1094 alendi
1183 1067 1252 1104 pro
1277 1066 1360 1092 uno·

73 1117 321 1167 imperatores
348 1128 477 1167 erant,
510 1122 545 1159 ἂι
570 1119 712 1170 ingenii
731 1117 891 1157 humani
912 1119 1005 1158 vitio
1034 1130 1230 1167 nunquam
1254 1117 1361 1166 prio-

74 1176 180 1215 ribus
207 1178 500 1228 acquiescendi,
528 1179 670 1218 sumtus
696 1187 902 1225 auxerant,
922 1191 1012 1217 cum
1035 1191 1104 1229 per
1126 1177 1251 1216 civilia
1275 1176 1364 1216 bel...

71 1237 112 1277 la·
145 1240 289 1279 reditus
332 1241 604 1281 minuerentur.
651 1242 752 1282 Tum
792 1243 828 1281 ἃ
861 1240 1018 1280 barbam
1050 1239 1174 1290 posuit
1209 1237 1369 1288 Caesar,

71 1315 195 1352 eoque
217 1304 374 1343 nomine
395 1304 540 1355 populo
555 1305 710 1355 epulum
732 1305 863 1352 dedit;
882 1304 1067 1343 irritando
1086 1303 1224 1353 magis,
1238 1315 1356 1353 quam

69 1363 289 1414 placando,
336 1374 461 1406 tantas
494 1368 615 1417 perire
653 1380 720 1416 per
751 1367 939 1405 luxuriam
973 1364 1161 1416 impensas
1202 1364 1354 1403 videnti
1411 1405 1414 1408 ,

68 1425 168 1464 inter
193 1427 389 1476 publicam
418 1428 576 1467 famem.
617 1429 698 1468 Nec
730 1429 875 1467 minore
897 1428 1012 1466 taedio
1039 1435 1099 1465 tot
1124 1425 1216 1464 novi
1240 1427 1275 1465 &
1297 1425 1355 1463 in-

69 1486 176 1536 digni
203 1487 424 1535 senatores,
456 1496 514 1527 tot
543 1489 723 1541 designati
756 1488 974 1539 complures
1000 1488 1040 1527 in
1073 1500 1193 1527 annos
1225 1487 1354 1538 magi-.-

67 1547 200 1587 stratus
240 1548 564 1599 adspiciebantur.

119 1617 308 1657 XXXIV.
330 1618 448 1668 Quod
473 1619 576 1658 enim
607 1617 696 1658 belli
722 1618 887 1659 Parthici
913 1618 1025 1659 eausa
1048 1618 1249 1658 abfuturus
1273 1617 1352 1659 An«

65 1680 197 1721 tonius
217 1687 319 1728 erat,
346 1681 581 1730 magistratus
598 1710 609 1728 ,
634 1680 830 1731 quousque
858 1680 1084 1729 voluerunt,
1107 1681 1147 1719 in
1174 1679 1234 1718 his
1256 1691 1349 1718 con-

64 1739 163 1779 sules
185 1741 224 1778 i‘n
241 1754 362 1781 annos
392 1744 587 1792 proximos
612 1745 699 1782 otro
728 1742 989 1782 declararunt:
1018 1755 1143 1792 neque
1170 1742 1279 1780 binos
1303 1742 1347 1780 in

63 1812 231 1849 annum,
253 1810 294 1841 ut
317 1802 585 1850 consueverat,
612 1803 674 1842 sed
694 1804 817 1843 statim
841 1804 897 1843 ab<
911 1803 1019 1847 initio
1038 1803 1175 1853 plures.
1202 1803 1344 1842 Hacte-

63 1874 136 1900 nus
167 1864 270 1901 enim
306 1862 451 1902 suffeffl
475 1876 627 1913 quoque
661 1863 834 1904 consules
864 1873 971 1903 erant
1004 1864 1221 1914 magistratu
1253 1864 1348 1902 eitra

62 1924 316 1974 ignominiam
350 1925 605 1974 abeuntibus,
634 1924 700 1964 sed
734 1939 782 1964 ex
825 1925 994 1976 ipsorum
1030 1926 1184 1965 arbitrio
1212 1938 1221 1965 :
1263 1933 1353 1965 tumr

64 1998 154 2024 vero
179 1999 294 2024 nemo
328 1995 475 2025 creatus
504 1987 556 2025 est
577 2000 747 2033 annuus,
772 1986 835 2026 sed
862 1987 909 2026 ab
935 1986 1046 2025 initio
1074 1986 1182 2025 suum
1210 1986 1362 2037 cuique»

62 2047 246 2097 temporis
269 2046 433 2097 spatium
461 2047 697 2086 destinatum.
728 2060 776 2086 ex
802 2047 884 2094 his,
907 2049 972 2098 qui
994 2046 1177 2088 Kalendis
1205 2048 1348 2096 Janua-

61 2110 126 2148 riis
164 2109 340 2158 inibant,
376 2123 477 2149 anno
515 2123 560 2149 eo
597 2119 680 2149 toto
716 2109 889 2150 consules
919 2110 1168 2151 vocabantur.
1207 2112 1359 2160 ceteri3„

65 2172 160 2211 dum
204 2171 364 2212 obibant
396 2172 527 2212 munia
567 2172 828 2223 magistratus,
866 2173 982 2213 etiarn
1018 2173 1247 2213 vocabulum
1278 2173 1348 2212 ob-

63 2233 241 2273 tinebant
260 2233 394 2273 Romae
414 2233 519 2284 acin
542 2232 649 2272 Italia
662 2265 675 2281 ‚
697 2233 968 2273 remotioribus
991 2234 1217 2284 plerumque
1237 2234 1346 2285 igno-

59 2293 155 2332 zati:
194 2294 298 2333 unde
325 2295 361 2334 ἃ
390 2295 558 2333 minores
588 2293 635 2333 ab
667 2293 725 2333 his
756 2293 931 2334 consules
959 2294 1264 2346 appellabantur.
1299 2295 1355 2335 In.

105 2419 133 2463 §¹
150 2419 291 2454 XXXII.
305 2419 492 2464 >Hegefipp.
514 2418 653 2462 Joseph.
680 2419 787 2463 antiq.
815 2418 891 2453 Jud.
917 2431 957 2460 ¹4
974 2448 986 2463 ,
1007 2424 1050 2454 26
1064 2449 1074 2465 ‚
1097 2422 1132 2456 &
1150 2424 1190 2458 d'e
1211 2425 1246 2459 Ba
1264 2423 1349 2459 Iuda

57 2482 73 2506 ι
90 2500 106 2514 ‚‚
132 2484 179 2507 ιε.
204 2471 326 2508 Euseh,
349 2473 371 2518 ἓ
396 2472 558 2510 xxxm„
581 2472 664 2509 Dii»
683 2472 850 2507 Marmor,
869 2473 1020 2517 Capitol.

1047 2528 1142 2587 Z4
