1685 3042
274 212 354 258 115
399 208 571 255 LOC.
614 205 753 251 LIB.
799 204 934 251 CXX
984 204 1131 251 LIV.
1273 217 1366 266 209

81 325 167 358 tum
189 318 238 357 ad
265 326 417 367 portam
452 314 565 361 effer,
591 310 753 352 accurrit
783 309 892 347 miles
917 295 1097 358 quidam,
1128 312 1164 350 ἂ
1190 310 1368 351 lefficam

82 379 229 419 curiose
257 379 464 417 scrutatur:
489 375 740 423 celeriterque
762 371 1033 422 superveniens
1064 370 1256 422 Rheginus
1282 382 1367 412 orac

82 441 268 487 militem,
296 456 338 478 ne
361 439 517 490 molestus
539 437 600 489 effe
626 435 825 473 mulieribus
843 445 1005 486 pergeret.
1038 431 1132 477 Ille,
1158 433 1250 470 dum
1276 447 1368 471 con.

83 502 232 541 temtim
271 508 454 549 tanquam
485 510 575 536 cum
606 495 835 535 carbonario
868 493 1036 540 rixatur,
1062 493 1215 541 agnovit
1245 493 1370 531 homi-

83 578 197 610 nem,
225 563 351 612 aitque
366 591 377 609 ,
399 575 497 612 perge
521 561 619 598 laetus
637 559 820 611 fhs‘pesque
835 586 846 605 ,
872 555 1079 607 imperator:
1109 556 1172 592 hoc
1195 556 1284 592 enim
1305 556 1372 593 tibi

81 641 202 666 nomen
226 638 325 677 atque
356 625 447 662 hanc
473 624 582 673 fidem
622 623 809 660 etiamnum
843 634 866 658 a
899 633 949 657 me
978 619 1089 657 deberi
1110 620 1240 671 sentio.
1282 632 1373 658 nam

80 688 150 728 sub
175 701 222 726 eo
246 688 396 737 pridem
434 688 474 724 in
497 685 603 736 Syria
629 692 831 724 meruerat.

143 757 186 797 L.
197 757 332 807 Neque
350 756 605 807 dedignentur
623 753 780 804 optimae
801 760 983 791 matronae
998 781 1009 796 ,
1024 751 1106 801 pari
1123 751 1266 801 pietate
1281 762 1375 788 con-

82 818 192 867 jungi
216 817 283 855 fibi
313 817 483 866 Coponii
517 828 700 863 uxorem3
723 827 957 864 quamquam
980 813 1043 852 illa
1069 815 1204 852 ceteris
1237 812 1374 851 infeli-

84 881 191 928 cior,
216 878 402 917 servatam
421 892 469 916 eo
490 877 607 927 usque
636 876 863 926 pudicitiam
879 906 890 923 ,
918 875 1133 914 redimendi
1149 875 1219 914 viri
1239 873 1371 921 causa,

82 938 143 979 M.
170 940 339 978 Antonio
378 937 578 988 prostituit.
622 936 758 985 Neque
791 935 919 973 minus
954 934 1010 974 M.
1042 934 1208 984 Lepidus
1244 934 1375 983 gratiae

84 1009 152 1039 aut
178 999 354 1043 precibu<
379 998 616 1036 exorabilem
646 996 683 1035 se
707 995 877 1044 praebuit.
916 995 1006 1035 Hoc
1033 997 1137 1033 enim
1166 994 1377 1033 conniven-

65 1062 149 1102 ,te,
177 1053 444 1092 centurionum
472 1048 714 1094 humanitas,
739 1047 897 1086 fratrem
925 1047 1168 1097 imperatoris
1195 1047 1248 1085 sui
1272 1060 1377 1087 reve.

85 1116 275 1161 rentium,
300 1111 488 1162 effugium
516 1110 554 1150 L.
569 1109 700 1149 Paullo
722 1108 763 1148 in
785 1109 969 1149 Graeciam
994 1109 1127 1156 dedit;
1158 1110 1259 1148 unde
1282 1122 1378 1149 mox

85 1187 176 1215 cum
196 1174 253 1215 M.
277 1173 393 1213 Bruto
427 1171 609 1211 Miletum
638 1170 853 1219 profectus,
883 1168 983 1207 hanc
1009 1168 1125 1207 exsilii
1151 1169 1280 1209 sedem
1307 1170 1379 1208 ha-
1408 1166 1412 1169 ’

86 1239 183 1278 buit.
224 1236 323 1277 Alias
356 1235 459 1275 enim
501 1232 704 1273 difficulter
738 1232 901 1270 evadere
936 1229 1139 1281 proscripti
1169 1241 1376 1280 poterant,

85 1302 175 1352 quia
203 1299 344 1345 statim,
367 1295 510 1336 tabulis
533 1293 754 1345 propositis,
779 1293 955 1332 stationes
971 1292 1020 1331 ad
1040 1299 1187 1342 portas,
1210 1291 1378 1342 aliosque

84 1363 191 1402 urbis
233 1361 357 1402 exitus
390 1359 572 1410 oppofitae
606 1358 715 1404 sunt,
749 1364 882 1406 portus
914 1356 1032 1394 etiam
1059 1354 1139 1404 pari
1179 1354 1379 1404 diligentia

86 1425 305 1472 observati,
340 1425 446 1462 lacus
487 1422 578 1473 quin
603 1422 719 1460 etiam
749 1422 785 1460 Sc
817 1419 1000 1470 paludes,
1031 1421 1066 1458 δε
1101 1418 1290 1469 quidquid
1317 1417 1378 1457 vel

87 1487 274 1538 effugium
304 1486 475 1536 praestare
511 1482 636 1534 poffe,
665 1482 725 1522 vel
752 1481 915 1520 latebras
944 1480 1157 1520 videbatur.

142 1556 202 1596 LI.
239 1557 359 1606 igitur
393 1557 429 1594 ὃς
453 1554 552 1592 intra
576 1552 711 1592 urbem
734 1554 770 1591 Sc
794 1560 897 1590 extra
920 1549 1217 1590 discurrentibus
1243 1549 1380 1599 passim

89 1617 379 1657 centurionibus
402 1615 511 1654 multi
541 1614 853 1653 trucidabantur:
880 1615 1052 1663 virique,
1081 1613 1200 1651 modo
1229 1612 1380 1652 summa

93 1682 130 1720 in
171 1680 393 1719 auctoritate
426 1677 640 1724 constituti,
668 1676 716 1715 ad
754 1675 1016 1726 effugiendam
1052 1687 1212 1721 necem,
1241 1673 1392 1719 habitu,

96 1751 163 1781 aut
193 1741 288 1780 locis
325 1739 514 1779 obl'coenis
543 1737 827 1777 occulebantur.
858 1737 994 1786 Neque
1029 1734 1260 1786 perculsores
1292 1744 1382 1774 tan-

97 1812 178 1843 tum
214 1802 471 1845 timebantur,
506 1808 545 1838 ut
569 1812 650 1838 non
688 1798 771 1848 plus
797 1797 1062 1837 sollicitudinis
1084 1810 1105 1836 a
1130 1797 1380 1836 familiaribus

97 1866 198 1905 eil'et.
233 1865 357 1904 Alium
387 1862 532 1901 infensa
568 1874 689 1909 uxor,
726 1860 842 1901 alium
870 1861 1008 1911 ingrati
1045 1859 1153 1898 liberi
1188 1859 1383 1898 habebant

95 1928 274 1967 anxium:
301 1925 472 1975 plerique
500 1923 658 1961 libertos
689 1921 887 1972 servosque
916 1921 1028 1969 suos,
1065 1930 1130 1960 aut
1163 1919 1381 1967 debitores,

92 1999 161 2029 aut
191 1987 334 2028 vicinos
364 1985 597 2024 metuebant.
649 1984 833 2024 Omnium
865 1983 988 2028 odiis,
1017 1993 1245 2031 quacunque
1269 1993 1382 2018 occa-

96 2050 198 2089 sione
223 2046 447 2098 coepissent,
473 2045 671 2085 tristillima
692 2054 865 2095 tempora
894 2044 992 2082 viam
1019 2043 1068 2082 ad
1091 2042 1298 2080 vindictam
1317 2055 1381 2090 pa-

97 2111 316 2151 tefecemnt.
346 2110 463 2160 Igitur
484 2109 614 2155 senes,
638 2106 794 2146 summis
822 2105 1031 2147 honoribus
1058 2104 1134 2151 uli,
1161 2103 1211 2143 ad
1235 2104 1382 2141 manci-

95 2175 249 2224 piorum
271 2171 423 2212 suorum
452 2170 678 2210 accidebant
703 2181 850 2220 genua,
878 2167 1179 2207 misericordiam
1206 2176 1378 2205 orantes:

97 2249 221 2286 neque
245 2234 320 2273 hoc
348 2244 427 2273 erat
452 2231 775 2282 indigniffimum,
806 2230 872 2270 sed
899 2231 1004 2281 quod
1039 2230 1263 2280 plerumque
1284 2226 1382 2265 nihil

102 2307 206 2337 tanta
238 2295 434 2334 humilitas
462 2293 701 2343 supplicandi
734 2293 971 2343 proficiebat.

151 2359 233 2400 Lll.
266 2359 393 2399 Tanto
423 2357 588 2396 deterior
614 2365 696 2394 tum
721 2363 800 2393 erat
828 2354 986 2401 Roniae,
1010 2366 1125 2404 quam
1150 2351 1253 2393 bello
1282 2352 1315 2390 S<
1335 2348 1383 2388 ab

163 2494 186 2538 ξ
212 2493 248 2524 L.
275 2493 413 2526 Sueton.
439 2492 472 2523 'm
499 2491 584 2534 Aug.
609 2501 639 2524 ς.
660 2499 712 2532 27.
731 2488 877 2533 Appian.
897 2479 976 2521 Dio..

203 2550 253 2597 T.
281 2549 374 2596 Liv.
401 2549 496 2593 Vol.
523 2548 617 2604 Xl.
1146 2539 1196 2602 Q
