1685 3042
242 219 338 268 '140
405 208 504 257 JO.
541 203 1057 254 FREINSHEMII
1094 200 1449 248 SUPPLEMS

241 318 376 366 taturi,
404 323 469 357 aut
493 316 631 363 etiam,
655 314 680 352 fi
707 326 765 352 res
791 313 844 352 ita
871 313 1005 359 ferret,
1023 321 1156 360 poenas
1185 306 1345 347 sumturi
1367 300 1418 346 ⁴de
1437 316 1528 356 per-

238 379 470 426 cufforibus,
500 390 597 429 aegre
634 376 834 423 ferebant,
866 374 904 414 se
933 372 1109 413 adversus
1140 370 1374 416 Antonium,
1400 369 1524 408 modo

237 444 381 484 ducem
414 440 522 480 suum
538 470 549 488 ‚
572 440 676 479 n‘unc
702 437 899 477 consulem
925 435 1113 475 adhiberi.
1155 433 1273 484 Igitur
1300 431 1523 471 catervatim

238 505 344 545 abire
375 509 602 554 coeperunt,
628 500 692 540 alii
720 499 848 550 palam
878 496 1091 549 indignati,
1114 507 1201 547 pars
1227 509 1325 532 arma
1353 495 1425 547 sua
1451 506 1522 531 nort

236 568 429 621 apportqffe
452 564 648 605 causantes
665 594 676 612 ‚
708 578 768 602 nec
791 561 920 600 alienis
932 560 1075 613 perinde
1089 559 1154 599 uti.
1187 556 1332 604 Caesar,
1350 555 1522 595 diffimu-

234 628 313 668 lato
345 627 499 676 dolore,
527 626 614 677 quia
644 633 724 665 erat
750 624 800 663 ad
835 623 914 662 vim
937 623 1175 672 imparatus,
1201 620 1403 666 laudatos,
1428 617 1524 669 quod

224 691 269 744 se
297 688 539 742 deduxffnt,
563 698 745 736 novoque
773 684 925 734 insuper
953 683 1137 722 donativo
1167 684 1325 730 auCtos‚
1348 678 1520 719 dimifit:

237 767 364 805 neque
391 766 437 793 ex
466 752 574 792 omni
599 762 759 789 numero
784 748 869 800 plus
898 760 1014 798 quam
1047 746 1177 794 mille,
1204 746 1278 785 five
1308 743 1522 783 secundum

235 830 327 865 eos,
349 818 414 867 qui
444 814 653 866 plurimum
679 819 852 862 ponunt,
880 811 950 849 tria
978 808 1097 849 millia
1122 807 1394 848 remanserunt.

289 877 426 919 XLVI.
452 876 609 916 Ceteros
636 873 754 913 etiam
781 872 858 911 cito
885 870 1000 910 subiit
1021 869 1274 921 poenitentia,
1297 878 1525 917 comparan-

231 939 364 989 doque
399 937 490 978 belli
521 936 626 976 lucra
656 947 744 974 cum
781 931 1025 985 agriculturae
1052 929 1270 978 laboribus,
1303 930 1338 969 ἃ
1368 926 1523 968 Caesaris

234 999 393 1038 inescati
418 996 675 1044 liberalitate,
697 997 775 1035 cito
802 1007 892 1034 cum
919 993 1032 1034 armis
1049 1023 1061 1042 ‚
1083 999 1267 1043 tanquam
1293 990 1342 1030 ad
1363 988 1428 1028 illa
1454 999 1524 1038 pe-

234 1062 352 1102 tenda
379 1059 555 1111 digreffi,
575 1060 625 1099 ad
649 1072 740 1099 eum
764 1064 1010 1097 reverterunt.
1031 1055 1175 1105 Igitur,
1202 1061 1354 1104 recepto
1371 1051 1527 1099 animo,

232 1124 423 1182 Etruriam
445 1121 654 1173 percurrit,
682 1121 982 1169 Ravennamque
1004 1119 1039 1157 &
1066 1116 1231 1156 finitima
1254 1114 1340 1153 loca
1355 1144 1366 1161 ,
1392 1110 1525 1150 militi-

234 1185 308 1228 bus
336 1186 526 1228 Arretium
556 1184 762 1225 convenire
792 1182 909 1233 juffis.
938 1182 1040 1221 Dum
1071 1180 1152 1219 haec
1175 1193 1198 1218 a
1221 1177 1364 1218 Caesare
1390 1186 1525 1226 paran-

231 1259 317 1299 tur,
344 1249 531 1289 Antonius
554 1247 604 1286 ad
630 1245 907 1286 Macedonicas
936 1242 1106 1294 legiones
1134 1239 1390 1281 Brundusium
1410 1249 1525 1277 vene-

231 1320 290 1352 rat
313 1325 322 1352 :
357 1309 612 1363 acceptusque
649 1308 700 1347 est
743 1314 959 1359 gratanter,
982 1304 1032 1344 ob
1056 1304 1160 1355 spem
1193 1301 1391 1350 donativi,
1419 1300 1524 1351 quod

232 1381 343 1413 tanto
375 1372 528 1413 uberius
561 1371 735 1410 futurum
769 1368 998 1419 sperabant,
1033 1374 1177 1416 quanto
1213 1363 1305 1403 esset
1332 1361 1526 1402 Antonius

234 1435 376 1476 Caesare
402 1433 643 1485 locupletior.
662 1445 752 1471 nam
773 1431 867 1470 domi
891 1428 966 1482 ejus
994 1442 1138 1468 acervos
1162 1426 1249 1479 strui
1267 1425 1420 1479 pecuniae
1436 1454 1447 1473 ,
1468 1438 1526 1463 ne-

234 1511 298 1550 que
324 1495 401 1548 jam
430 1495 628 1540 numerati,
651 1495 716 1546 sed
739 1491 892 1545 appendi
917 1503 1038 1528 aurum
1056 1518 1066 1536 ‚
1092 1488 1304 1526 audierant.

293 1555 450 1597 XLVII.
489 1555 743 1594 Deduxerunt
776 1562 905 1590 tamen
942 1562 1032 1588 eum
1072 1546 1314 1586 in'tribunal
1351 1545 1527 1592 mentio-,1

234 1619 336 1670 quasi
362 1617 462 1668 prius
491 1618 686 1667 accepturi
714 1616 927 1660 rationem,
952 1624 1067 1662 quare
1092 1609 1279 1650 ultionem
1307 1608 1419 1647 occisi
1445 1607 1524 1648 Cae.

232 1681 324 1721 saris
353 1679 564 1721 distulisset.
602 1680 688 1719 Hoc
717 1691 815 1728 aegre
839 1675 962 1727 pallus
992 1675 1182 1715 Antonius
1219 1670 1430 1721 increpavit
1457 1669 1521 1708 in-

237 1749 384 1793 gratos,
413 1742 472 1794 qui
496 1741 630 1778 nullum
650 1738 780 1778 latitiae
798 1739 937 1790 fignum
967 1737 1122 1773 adventu
1147 1736 1213 1786 fito
1241 1735 1395 1780 ederent,
1422 1731 1524 1785 cujus

236 1806 399 1855 beneficio
421 1818 485 1856 pro
510 1803 683 1841 Parthica
711 1799 931 1854 expeditione
952 1798 1097 1836 Italiam
1124 1796 1277 1834 habituri
1301 1793 1524 1849 provinciam

227 1867 357 1920 flarent.
390 1866 530 1906 deinde
555 1863 727 1915 querelas
746 1862 918 1909 addidit,
942 1861 1035 1913 quod
1055 1858 1190 1910 emiffiJs
1212 1873 1234 1894 a
1254 1869 1416 1914 protervo
1439 1845 1527 1894 ado‘·

237 1931 421 1984 lcsccntulo
444 1929 520 1982 (stc
548 1927 733 1968 Caesarem
761 1923 1012 1976 appellabat)
1037 1933 1247 1973 corruptores
1273 1934 1342 1958 non
1359 1918 1525 1971 protinus

237 1991 472 2044 adduxiffimt.
495 1993 535 2045 se
559 2003 671 2028 tamen
693 1990 913 2027 inventurum
942 1986 1053 2024 illos.-
1078 1981 1308 2035 militibusque
1333 1981 1526 2033 divisurum

227 2054 399 2108 sestertios
428 2053 698 2106 quadringenos.

291 2114 467 2156 XLVIII.
503 2114 594 2154 Haec
630 2112 668 2151 in
696 2110 959 2161 promittendo
985 2105 1212 2159 parfimonia
1244 2117 1332 2147 cum
1360 2117 1382 2143 a
1414 2103 1523 2143 dedi-

236 2176 441 2228 gnantibus
468 2182 633 2224 excepta
667 2173 739 2211 risu
769 2171 885 2218 esset,
923 2169 1001 2220 ipse
1030 2176 1161 2207 contra
1194 2165 1440 2212 irasceretur;
1472 2176 1525 2203 eo

234 2237 413 2291 proceffit
435 2237 577 2279 ferocia
601 2236 767 2275 militum
784 2266 795 2283 ,
820 2242 864 2273 ut
890 2245 979 2272 cum
1008 2231 1109 2282 gravi
1136 2228 1313 2268 convicio
1338 2226 1526 2275 relinque-

237 2309 321 2339 rent
348 2300 657 2340 concionantem.
698 2297 799 2337 Tum
831 2294 895 2333 ille
935 2293 1110 2333 desiliens
1127 2322 1138 2339 ,
1166 2290 1307 2343 discetis
1327 2318 1338 2336 ,
1369 2288 1521 2338 inquit,

236 2363 406 2417 imperata
427 2361 568 2415 facere:
599 2359 830 2410 negotioque
859 2358 950 2397 dato
979 2354 1167 2401 tribunis,
1193 2363 1230 2390 ut
1254 2351 1413 2405 fiditiost
1430 2349 1523 2401 siste,

286 2479 427 2525 §XLV
447 2479 591 2523 Appiam
611 2477 632 2520 §
648 2476 766 2508 XLVI.
786 2476 865 2508 Dio.
882 2474 1028 2519 Appiam
1049 2472 1123 2507 Cic.
1144 2470 1226 2504 Ph'd.
1245 2480 1275 2512 5,
1289 2480 1320 2510 4,
1347 2467 1528 2514 §XLVHa

238 2523 386 2568 App-an.
407 2523 489 2558 Dio.
515 2524 586 2556 Cic.
610 2522 649 2554 ad
678 2521 788 2554 Attic.
812 2521 847 2552 16
863 2546 874 2562 Ἀ
893 2520 927 2554 8.
