1685 3042
266 197 347 243 {N
397 197 558 242 Loc,
600 195 739 241 ΜΒ.
792 195 924 242 cxv
974 198 1119 245 mr.
1287 199 1347 259 67

74 304 289 356 aggressus,
322 300 612 344 circumvallare
649 300 839 349 instituit,
880 301 1013 352 susque
1049 305 1171 354 deque
1205 305 1350 345 ferente

71 361 258 418 Pompejo
274 398 285 416 ,
302 369 367 417 qui
381 397 392 415 ‚
410 365 691 405 munitionibus
710 364 847 414 oppidi
875 365 1039 404 confisus
1052 397 1062 413 ‚
1081 368 1259 416 parcebat
1280 371 1353 408 nii-2

70 427 203 470 litibus
235 429 330 477 suis,
363 430 465 480 prius
498 428 716 467 existimans
751 427 946 476 futurum,
978 437 1021 466 ut
1055 429 1204 479 frigoris
1240 431 1354 470 vehe-

72 492 216 530 mentia
242 490 430 531 defisteret
453 488 595 536 Caefar,
623 501 738 539 quam
766 490 909 538 Ategua
935 500 1144 539 caperetur.
1184 492 1259 530 Sed
1286 492 1353 532 illo

73 552 303 603 pertinacius
334 550 519 598 instante,
554 562 642 588 cum
675 550 844 588 exercitu
883 551 1021 589 eodem
1055 552 1247 606 profectus
1287 554 1352 594 est.

75 612 202 652 Multa
227 612 326 650 forte
359 607 508 650 castella
535 609 574 648 in
605 610 812 649 adventum
843 612 924 659 ejus
952 611 1181 652 exstruxerat
1214 613 1357 665 Caesar,

76 681 121 711 ut
149 672 322 722 equitum
350 673 602 722 peditumque
623 672 799 722 praesidiis
828 674 1045 713 venientem
1074 685 1228 715 arceret.

128 732 264 774 XLIV.
313 734 388 774 Sed
423 733 522 772 forte
553 734 721 780 accidit,
748 743 811 782 ut,
838 749 914 785 quo
951 745 1123 787 tempore
1154 740 1359 790 Pompejus

76 795 250 842 veniret,
276 792 344 834 sub
370 804 497 834 ortum
525 795 603 835 diei
631 795 771 835 nebula
791 796 1005 836 crassiffima
1037 799 1178 838 coelum
1201 808 1356 850 tegeret.

76 856 196 907 igitur
228 870 273 896 eo
298 857 449 896 facilius
484 859 520 897 Sc
543 860 716 908 perrupit
741 858 894 899 Caesaris
922 859 1117 908 praefidia,
1151 863 1186 900 δι
1216 863 1361 902 multos

77 922 160 969 ejus
189 919 333 969 equites
356 921 538 959 concidit.
574 920 758 971 Legiones
784 922 945 960 omnino
967 921 1135 961 habebat
1150 924 1359 967 tredecim:

76 981 142 1020 sed
184 982 322 1032 quibus
357 982 546 1032 praecipue
583 983 821 1030 confideret,
858 983 942 1022 duae
979 994 1086 1022 erant
1120 986 1359 1035 vernaculae,

79 1052 161 1094 quae
188 1056 209 1082 a
236 1042 432 1084 Trebonio
460 1045 763 1095 transfugerant3
795 1059 870 1085 una
895 1046 996 1085 facta
1023 1059 1068 1086 ex
1098 1047 1259 1087 coloniis
1294 1050 1364 1090 Hi-

76 1104 243 1156 spaniae,
268 1117 343 1143 una
368 1105 570 1145 Afraniana
604 1119 651 1145 ex
683 1106 835 1155 Africa,
863 1120 977 1157 quam
1005 1106 1131 1146 secum
1161 1109 1364 1160 Pompejus

78 1166 303 1206 adduxerat.
335 1165 488 1216 reliquae
525 1166 746 1204 constabant
781 1179 828 1206 ex
861 1168 1054 1217 fugitivis,
1082 1182 1130 1207 ne
1156 1170 1244 1220 ipsae
1279 1175 1365 1221 qui.

79 1229 169 1269 dem
189 1228 304 1279 plane
327 1228 623 1267 contemnendae
638 1259 649 1277 ‚
670 1240 758 1266 cum
780 1238 957 1278 quartum
980 1230 1059 1278 jam
1086 1243 1228 1271 annum
1252 1233 1364 1283 pleri-

75 1304 155 1342 ,que
177 1290 393 1330 fuissentin
427 1291 539 1328 armis
571 1290 751 1338 exerciti,
782 1293 1070 1342 projectamque
1105 1290 1282 1333 afferrent
1312 1296 1362 1336 ad

78 1351 212 1404 proelia
241 1351 454 1391 audaciam.
494 1353 629 1402 Neque
662 1358 792 1392 tamen
825 1351 934 1392 ausus
959 1353 1010 1392 est
1040 1353 1202 1393 subfidio
1235 1359 1365 1397 venire

78 1413 154 1452 suis
180 1428 190 1453 :
217 1421 390 1460 tantum,
417 1411 504 1462 quia
540 1412 638 1451 duce
674 1424 802 1451 carere
840 1413 1068 1464 Ateguenses
1100 1425 1362 1468 cognoverat,

82 1473 126 1515 L.
157 1473 377 1513 Munatium
402 1472 584 1513 Flaccum
610 1473 721 1512 misit.

130 1536 249 1576 XLV.
274 1537 330 1584 Is,
349 1539 389 1589 se
409 1534 631 1576 Iulianarum
659 1537 838 1589 partium,
869 1535 905 1575 δ’
939 1534 1068 1575 tribuni
1095 1538 1362 1581 cornicularium

78 1599 164 1652 effe,
186 1598 388 1646 fimulans‚
413 1601 530 1638 noeto
551 1599 651 1639 solus
673 1599 804 1651 vigiles
827 1595 1012 1650 quosdam
1032 1600 1152 1649 adiit,
1178 1610 1362 1654 tanquam

80 1661 209 1700 missus
232 1663 281 1701 ad
309 1662 602 1700 circumcundas
631 1662 838 1701 excubias:
865 1675 885 1701 a
909 1661 1044 1712 quibus
1069 1672 1227 1714 accepta
1257 1666 1363 1706 tesse:

78 1736 141 1771 ra,
165 1722 259 1762 alios
274 1723 435 1771 fallens,
451 1723 544 1763 alios
570 1725 713 1762 evitans
727 1755 737 1772 ‚
752 1737 773 1762 a
793 1724 991 1775 postremis
1011 1725 1124 1764 etiam
1152 1727 1363 1777 deductus,

81 1785 240 1836 quibus7
270 1786 312 1838 se
338 1785 468 1837 mifficm
502 1801 525 1823 a
554 1786 680 1838 Caesare
709 1787 758 1823 ad
782 1786 1008 1837 recipiendum
1037 1802 1099 1838 per
1130 1789 1363 1840 proditionem
1397 1837 1399 1839 ι

79 1848 266 1900 oppidum,
284 1844 540 1897 persuaserat,
566 1860 632 1897 per
658 1847 803 1886 medias
829 1849 911 1896 ejus
939 1849 1069 1898 copias
1094 1850 1278 1900 Ateguam
1308 1852 1365 1890 in-

80 1908 219 1960 greffus
246 1909 308 1948 est.
334 1907 535 1959 Pompejus
552 1940 563 1955 ‚
587 1909 746 1948 incensis
764 1909 877 1947 noc‘te
901 1910 1026 1948 castris
1043 1940 1055 1955 ,
1078 1912 1176 1948 inter
1194 1911 1362 1952 Ucubim

81 1973 319 2022 &Ateguam
343 1973 383 2010 in
406 1971 599 2010 montibus
621 1970 819 2010 consedit:
844 1983 957 2017 mox,
979 1971 1093 2009 etiam
1120 1970 1179 2010 his
1201 1973 1362 2012 incensis

81 2034 226 2081 castris,
251 2033 471 2073 Cordubam
505 2034 670 2072 intendit
702 2033 781 2072 iter.
807 2031 957 2071 Interea
986 2045 1074 2072 curn
1101 2033 1148 2072 ad
1176 2034 1362 2075 Caesarem

80 2098 282 2147 Arguetius
295 2098 311 2151 (
324 2111 372 2136 an
388 2098 591 2137 Aruntius‘?
607 2099 623 2146 )
642 2100 676 2137 &
694 2096 876 2146 Asprenas
890 2096 1073 2136 veniffent
1086 2128 1096 2144 ,
1112 2111 1274 2148 quorum
1295 2099 1360 2138 ille

81 2159 186 2209 signa
213 2159 378 2209 quinque
402 2159 621 2210 Saguntinis
643 2158 767 2197 obiter
795 2157 950 2196 ademta
979 2159 1180 2207 retulerat,
1210 2159 1361 2210 longius

82 2220 230 2270 evagari
253 2219 405 2259 Caesaris
429 2220 571 2270 equites
599 2228 824 2270 coeperunt³
852 2222 887 2258 ἃ
913 2221 1096 2271 eos‚‚qui
1125 2232 1360 2261 commeatus

83 2281 134 2321 ad
155 2281 272 2321 castra
292 2282 467 2333 Pompeji
495 2280 710 2330 vehebant,
733 2282 918 2332 excipere.
955 2317 957 2319 ,

123 2406 145 2448 ξ
172 2407 288 2440 XLIII.
321 2408 401 2442 Dio.
421 2404 548 2442 Austor
571 2409 611 2442 de
631 2409 667 2441 B.
688 2403 785 2453 ffisp.
806 2409 827 2452 §
851 2406 971 2443 XLIV.
999 2408 1125 2443 Antros
1143 2408 1182 2444 de
1203 2408 1240 2443 B.
1260 2407 1359 2451 Hisp.

88 2443 167 2482 Dio.
190 2453 333 2492 Appian.
359 2454 451 2488 civil.
476 2456 499 2487 l.
526 2465 558 2488 2.
595 2454 617 2498 §
642 2453 743 2491 XLV.
770 2453 887 2488 Front.
908 2456 1011 2489 Strat.
1041 2466 1080 2498 3,
1104 2465 1156 2495 14.
1181 2454 1259 2488 Dio.
1285 2457 1356 2488 Au·-

87 2495 170 2529 stor.
195 2497 234 2530 de
255 2497 289 2529 Β.
316 2497 411 2541 ffisp.

1065 2549 1102 2598 E
1133 2570 1156 2598 2
