1685 3042
272 203 364 251 228
432 203 529 252 JO.
570 201 1082 246 FREINSHEMH
1121 198 1491 247 SUPPLEM.·

269 310 452 352 Ventidio
478 308 594 347 etiam
619 309 806 356 majorem
834 306 1022 345 invidiam
1052 304 1245 344 excitabat
1273 305 1435 344 fortunae
1463 305 1566 355 prio-

270 377 320 416 ris
345 373 542 413 humilitas
560 386 569 412 τ
598 372 782 421 ajuntque
794 400 804 419 ,
817 386 881 422 per
902 371 998 408 urbis
1017 371 1099 407 vias
1115 370 1222 421 vulgo
1233 369 1441 422 profi-riptos
1457 369 1567 420 fiziffe

266 437 472 484 vernulos,
504 436 629 488 quibus
663 448 778 473 omnes
805 446 954 485 augures
983 431 1246 484 haruspicesque
1284 432 1479 469 excitemur
1512 432 1564 468 ad

265 513 383 539 recens
409 508 628 550 portentum,
653 497 749 548 quod
779 497 835 542 is,
863 493 923 545 qui
955 494 1069 530 mulos
1092 491 1226 544 fricare
1250 491 1389 544 solebat
1403 522 1415 540 ‚
1440 491 1564 544 consul

260 559 604 670 subgilfffguippe
632 616 859 656 Ventidium
890 613 993 654 bello
1022 614 1152 653 sociali
1181 614 1342 653 ductum
1368 614 1406 652 in
1432 614 1569 653 trium-

268 682 351 734 pho
392 681 461 721 Cn.
502 678 675 728 Pompeji
713 676 1024 715 memoravimus.
1058 675 1154 714 Inde
1192 675 1348 722 juventa
1377 675 1493 724 inope
1523 675 1566 713 in

268 744 393 794 caliga
424 741 578 781 militari
608 739 794 786 tolerata,
827 737 951 776 mulos
979 733 1329 786 atque.vehicula,
1357 736 1564 785 praebenda

271 806 450 846 euntibus
478 805 519 843 in
548 801 765 853 provincias
805 799 1110 850 magistratibus,
1143 796 1355 844 conduxit3
1395 796 1564 846 indeque

250 868 451 907 'convicio
490 866 737 904 inimicorum
768 862 983 914 appellatus
1011 861 1063 900 est
1098 860 1217 900 mulio.
1251 859 1327 899 Sed
1362 860 1450 909 quia
1484 860 1568 899 Cae-

268 926 338 965 sari
374 932 458 962 tum
493 924 532 960 in
570 920 637 959 illo
676 921 909 964 ministerio,
943 932 1021 956 tum
1053 920 1215 955 subinde
1248 919 1458 964 majoribus
1496 920 1562 954 ad-

268 996 425 1034 motus,
456 983 707 1029 satisfecerat,
734 988 908 1030 receptus
931 981 971 1017 in
1007 977 1242 1028 amicitiam,
1275 976 1500 1026 senatorque
1529 978 1566 1016 Sc

269 1062 363 1089 mox
392 1046 566 1086 tribunus
587 1043 711 1094 plebis
737 1052 911 1091 creatus,
935 1053 979 1080 ac
1008 1040 1149 1080 deinde
1176 1048 1313 1090 praetor
1345 1039 1564 1088 designatus

269 1113 335 1153 est.
359 1111 506 1153 Eodem
538 1120 668 1154 anno,
704 1106 793 1156 quia
829 1104 1093 1156 frequentibus
1125 1102 1262 1154 legatis
1288 1101 1564 1141 exhaurieban-

267 1183 332 1215 tur
364 1172 624 1216 hereditates,
662 1168 705 1208 C.
743 1166 920 1208 Salonius
946 1166 1120 1205 tribunus
1156 1163 1280 1215 plebis
1314 1164 1421 1216 legem
1453 1164 1521 1202 tuli
1549 1179 1568 1202 e

270 1238 435 1282 dicitur,
458 1250 499 1272 ne
521 1233 578 1272 cui
596 1233 681 1284 plus
705 1230 788 1282 beffi
817 1230 929 1282 legare
969 1230 1165 1282 testamento
1195 1226 1339 1276 [ἱππεῖς
1367 1228 1564 1279 quadrante

268 1302 384 1353 utique
414 1296 594 1335 heredibus
607 1293 762 1345 servato.

325 1360 427 1401 CIII.
458 1359 536 1399 Sed
569 1358 691 1405 major
715 1367 804 1393 cura
831 1352 1007 1392 omnium
1040 1353 1088 1391 de
1114 1350 1327 1391 honoribus
1354 1349 1455 1399 fuit,
1482 1349 1566 1400 qui-

271 1423 344 1463 bus
371 1420 536 1463 Tresviri
562 1418 821 1469 placarentur.
857 1416 927 1455 His
956 1415 1069 1465 igitur
1100 1417 1136 1454 Sc
1160 1413 1232 1452 alia
1271 1413 1450 1460 decreta,
1478 1425 1562 1462 quae

273 1486 369 1527 olim
400 1485 450 1524 ob
490 1483 650 1521 servatas
687 1479 861 1518 civitates
897 1477 1113 1524 dabantur3
1147 1477 1183 1516 δε
1218 1487 1368 1514 coronae
1403 1474 1564 1521 civicae,

269 1549 468 1601 postquam
491 1543 691 1584 atrocitate
717 1550 939 1590 temporum
960 1538 1080 1577 videri
1105 1537 1284 1576 meritum
1314 1537 1459 1586 coepit,
1483 1548 1563 1574 non

271 1612 464 1652 occidere.
495 1608 631 1656 Neque
670 1616 759 1642 vero
791 1601 972 1652 culpandi
1007 1599 1239 1640 videbantur
1273 1598 1340 1637 fibi
1371 1597 1564 1643 Tresviri‚

271 1673 377 1725 quod
404 1670 547 1711 multos
575 1666 776 1713 tollerent3
806 1663 872 1703 sed
900 1676 968 1714 pro
1000 1675 1139 1712 magno
1172 1659 1422 1705 habendum,
1454 1659 1563 1709 quod

269 1734 482 1784 nonnullos
520 1732 778 1781 relinquerent
803 1743 812 1767 ε
843 1727 876 1768 8(
920 1724 1075 1777 publice
1105 1723 1280 1763 solebant
1308 1721 1479 1773 profiteri
1498 1723 1565 1774 ,se

269 1815 376 1853 neque
405 1797 516 1837 Sulla»
549 1807 612 1833 aut
650 1793 768 1833 Marii
793 1793 973 1845 secuturos
1008 1789 1250 1842 asperitatem,
1285 1802 1327 1825 ne
1359 1786 1474 1824 odium
1493 1787 1564 1836 fibi

267 1874 457 1918 pararent‚·
491 1872 594 1912 neque
628 1856 772 1909 Caeszris
797 1855 1034 1900 clementiam,
1060 1867 1101 1891 ne
1123 1850 1338 1897 contemtui,
1356 1850 1390 1888 6³
1420 1863 1464 1886 ex
1484 1863 1566 1886 con-

270 1937 376 1963 temtu
414 1923 548 1973 infidiis
577 1918 722 1959 obnoxii
755 1917 893 1967 fierent.
927 1913 1042 1955 Tales
1073 1914 1183 1964 igitur
1215 1913 1257 1951 in
1283 1910 1464 1960 sanguine
1502 1913 1563 1948 ci-

269 1988 379 2025 vium
413 1989 502 2022 cum
530 1979 710 2027 fuissent,
739 1991 822 2017 non
853 1985 933 2016 erat
965 1988 1102 2027 magna
1136 1972 1363 2025 postulanda
1388 1973 1426 2010 in
1446 1972 1563 2021 patri-

269 2049 413 2089 moniis
447 2044 684 2084 abstinentia.
1038 2083 1042 2088 ι

326 2109 422 2149 CIV.
452 2107 564 2147 Certe
589 2107 698 2143 dotem
723 2101 973 2154 interfi’Horum
1000 2098 1191 2145 uxoribus,
1215 2094 1380 2135 decimam
1394 2095 1556 2132 bonorum

269 2173 417 2217 liberis,
435 2171 471 2221 fi
492 2182 603 2206 mares
629 2165 730 2218 effint
746 2195 758 2211 ,
771 2166 807 2216 fi
819 2164 985 2216 seminat,
1015 2161 1209 2211 vicefimam
1235 2166 1342 2196 erant
1370 2155 1556 2206 polliciti:

268 2233 337 2275 sed
365 2232 633 2284 praestabantur
665 2230 746 2269 haec
781 2227 930 2279 oppido
972 2224 1123 2275 pauci53
1159 2220 1347 2272 plerisque
1383 2216 1559 2256 concelsa

268 2311 337 2349 per
369 2297 515 2347 legem,
548 2292 873 2344 extorquebantur
905 2287 1108 2328 calumnia.
1151 2285 1285 2334 Neque
1324 2294 1414 2320 vero
1456 2280 1558 2318 bona

317 2434 341 2478 ς
368 2416 432 2466 (31.>
450 2431 574 2474 venei.
599 2441 634 2470 2,
655 2429 801 2465 6»..v;11.
818 2427 912 2460 Max.
935 2426 979 2467 6,
1001 2435 1032 2467 9.
1059 2423 1166 2467 Ageu.
1193 2433 1251 2460 ις,
1276 2431 1306 2451 a.
1330 2417 1351 2460 ς
1379 2417 1451 2449 cu.
1474 2415 1561 2448 vnn.

272 2490 294 2519 7
312 2505 320 2518 ,
350 2491 400 2519 49.
426 2479 532 2521 Agcll.
557 2477 626 2507 Cic.
656 2475 807 2506 familiar.
836 2485 901 2513 10,
927 2471 976 2505 18.
1009 2469 1091 2505 Dio.
1116 2466 1259 2500 Mariam.
1285 2465 1376 2497 §.tm
1416 2461 1437 2506 5
1469 2460 1560 2494 Clu.

273 2522 460 2557 Dio.1’lin.
489 2523 545 2564 16,
569 2535 587 2564 4
609 2520 640 2554 ἃ
664 2530 700 2553 22
717 2545 726 2561 ,
744 2519 777 2554 6·
