1685 3042
312 173 548 241 36410.
579 174 1114 222 FREINSHEMII
1149 171 1528 221 SUPPLEMs

310 282 602 334 quadriennium
639 281 808 321 mansisse
852 281 1012 333 collegia
1046 279 1274 327 consulum,
1312 279 1436 330 qualia
1469 278 1586 330 paulo

309 354 401 384 ante
433 345 623 395 designata
649 344 965 394 Romaewfuerant.
1003 343 1189 391 Pompe-io
1215 354 1368 391 quoque
1410 340 1589 379 confula-

305 411 393 445 tum
408 436 417 452 ,
438 408 473 445 &
496 407 662 446 Antonio
686 407 842 444 tertium
865 404 1024 454 perisse,
1044 404 1214 443 hostibus
1242 403 1300 441 his
1321 403 1471 441 interim
1490 400 1590 450 judi-

310 467 418 506 catis.
454 468 524 508 His
564 468 615 506 ita
649 466 892 516 compostus,
935 466 1136 515 pompejus
1168 466 1208 504 in
1249 464 1418 505 Siciliam
1452 463 1591 512 rediit3

308 526 431 567 Caesar
466 531 500 568 &
536 529 722 568 Antonius
750 528 939 566 Romam:
967 538 1105 575 magna
1135 526 1250 564 totius
1280 526 1395 565 Italiae
1432 525 1590 572 laetitia,

309 592 373 629 cui
399 603 474 641 pax
500 590 581 630 haec
611 589 864 639 plurimorum
898 586 1088 625 malorum
1116 586 1281 625 attuliffe
1312 586 1465 636 pausam
1486 586 1591 624 vide-

308 652 434 692 batur.
479 652 597 703 Igitur
631 650 952 703 imperatoribus,
989 660 1215 698 quacunque
1255 647 1470 694 transirent,
1508 655 1592 685 tan-

309 727 426 764 quam
463 713 714 753 servatoribus
752 712 916 751 honores
950 710 1059 749 nimii
1102 708 1379 748 habebantur:
1407 721 1589 758 erantque

307 775 443 817 Romae
478 785 686 826 praeparata
719 775 874 822 omnia,
898 781 941 812 ut
973 785 1089 824 quam
1121 771 1490 823 magnificentiffime
1519 782 1594 811 ex-

312 839 540 888 ciperentur.

368 900 505 940 XLIII.
532 902 579 940 At
600 899 674 947 illi,
698 898 859 939 dubium
885 897 1119 949 impensam,
1136 910 1186 936 an
1209 896 1390 936 invidiam
1414 897 1592 950 vitantes,

308 962 430 1001 noctu
456 961 719 1001 introiverunt.
747 961 829 1000 Nec
856 968 934 998 erat
955 959 1152 1009 quisquam
1171 970 1302 1007 expers
1323 956 1482 1003 laetitiae,
1502 969 1594 1006 prae.

311 1031 373 1063 ter
391 1037 479 1072 eOS,
502 1024 566 1075 qui
593 1024 692 1063 bona
714 1022 954 1074 poffidebant
978 1022 1237 1061 redeuntium:
1270 1032 1365 1070 quos
1387 1020 1517 1069 utique
1536 1020 1595 1057 vi-

313 1085 421 1124 cinos
457 1084 609 1134 iniquos
643 1083 828 1130 habituri,
853 1084 912 1130 Sc,
935 1082 959 1120 s1
990 1080 1096 1121 casus
1132 1082 1260 1127 daret,
1283 1080 1439 1120 acerbos
1465 1079 1592 1118 inimi-
1631 1120 1636 1125 ,
1682 1072 1685 1077 ¹

319 1158 384 1184 cos
416 1145 657 1185 videbantur.
691 1146 826 1185 Cetero
865 1144 1010 1195 populo
1054 1142 1366 1192 Jucundiffimum
1404 1142 1596 1192 spectacu-

313 1206 397 1246 lum
437 1208 511 1246 fuit
547 1216 605 1246 tot
640 1206 799 1246 illustres
830 1207 899 1244 viri
938 1206 1064 1255 patriae
1101 1205 1253 1244 redditi.
1299 1218 1388 1243 nam
1424 1203 1595 1254 plerique

317 1281 453 1306 omnes
471 1299 480 1314 ,
512 1268 577 1318 qui
602 1280 690 1306 cum
725 1269 841 1307 Sexto
866 1267 1034 1314 fuerant,
1066 1266 1236 1315 exceptis
1263 1267 1415 1315 paucis,
1443 1278 1488 1304 eo
1522 1265 1596 1304 Pu-

315 1326 428 1369 teolis
452 1324 633 1376 salutato,
662 1330 826 1369 Romam
848 1331 1093 1379 navigarunt,
1115 1327 1334 1378 magnisque
1358 1329 1393 1367 δε
1419 1326 1513 1366 laetis
1527 1325 1597 1365 ho-

319 1391 470 1429 minum
498 1389 729 1428 clamoribus
765 1389 912 1438 accepti
945 1388 1044 1427 sunt.
1074 1386 1118 1427 In
1144 1386 1202 1424 his
1228 1387 1267 1426 L.
1291 1386 1468 1425 Aru-titius
1495 1385 1596 1434 fuit,

323 1454 359 1491 ἃ
378 1452 433 1491 Μ.
456 1452 591 1499 Junius
622 1449 795 1496 Silanus,
820 1452 855 1489 ἃ
886 1451 927 1490 C.
951 1451 1103 1489 Sextius
1126 1450 1371 1496 Saturninus,
1402 1451 1436 1488 &
1456 1448 1512 1488 M.
1534 1449 1601 1488 Ti-

321 1512 417 1557 tius,
443 1524 577 1550 omnes
600 1511 727 1561 postea
753 1511 907 1550 summis
929 1510 994 1550 sub
1015 1509 1161 1549 ‘Caesare
1186 1509 1394 1548 honoribus
1408 1509 1471 1548 ufi.
1499 1508 1601 1548 Con.

321 1570 556 1624 {undrissime
597 1573 663 1612 sub
699 1574 738 1612 id
773 1586 923 1624 tempus
963 1571 1150 1613 Antonius
1186 1575 1220 1612 ἅ
1256 1572 1375 1611 Caesar
1413 1571 1602 1620 agebant,

325 1634 523 1685 multaque
558 1634 838 1673 constituebant
867 1638 902 1674 &
928 1634 1183 1674 decernebant
1212 1633 1454 1672 concorditer
1484 1633 1521 1670 in
1547 1645 1603 1670 re-

326 1698 398 1743 bus
420 1698 608 1737 maximis.
636 1697 698 1736 sed
725 1697 919 1737 familiaris
945 1696 1204 1742 consuetudo,
1224 1696 1316 1734 dum
1337 1695 1434 1733 inter
1458 1692 1604 1732 relaxa-

326 1761 471 1798 tionem
497 1761 710 1798 animorum
728 1759 883 1798 ludicris
909 1758 1182 1797 certaminibus
1207 1756 1415 1804 transigunt
1434 1764 1603 1804 tempus,

326 1822 474 1871 semper
502 1822 643 1871 priores
678 1822 823 1860 serente
863 1819 1028 1866 Caesare,
1054 1818 1131 1857 fieri
1159 1820 1278 1867 coepit
1307 1816 1472 1856 Antonio
1502 1815 1603 1863 inju-

328 1883 502 1922 cundior.
543 1882 614 1920 sive
655 1884 757 1921 enim
795 1881 916 1920 aleam
959 1880 1164 1926 luderent,
1202 1879 1274 1917 sive
1318 1877 1604 1916 committerent

329 1943 448 1994 gallos
477 1951 541 1982 aut
564 1943 803 1990 coturnices,
830 1942 989 1981 inferior
1012 1941 1077 1980 ille
1107 1940 1334 1979 discedebat.

384 2015 520 2055 XLIV.
550 2014 668 2065 Igitur
693 2014 859 2064 praebere
888 2026 995 2053 aures
1032 2014 1182 2052 cuidam
1215 2011 1391 2061 AEgyptio
1417 2011 1491 2049 vati
1526 2023 1604 2050 εοε-

328 2078 412 2130 pit,
435 2078 498 2128 qui
522 2078 594 2117 {ive
618 2078 655 2116 in
681 2077 888 2127 Cleopatrae
906 2077 1065 2123 gratiam
1083 2106 1093 2122 ,
1117 2077 1189 2114 sive
1213 2073 1403 2124 persuasus
1429 2077 1479 2111 ita
1500 2074 1604 2122 esset,

331 2141 509 2187 monuit,
534 2141 671 2192 genium
698 2156 773 2193 ejus
795 2154 856 2192 per
876 2141 915 2190 se
938 2140 1102 2190 grandem
1133 2152 1174 2175 ac
1196 2135 1441 2188 magnificum,
1459 2152 1482 2173 a
1505 2136 1607 2187 genio

334 2201 504 2253 CoeJZffls,
533 2203 666 2253 quoties
697 2217 768 2239 una
797 2212 955 2252 agerent,
988 2199 1236 2252 quodammodo
1271 2197 1307 2233 in
1336 2196 1484 2234 ordinem
1513 2196 1600 2246 cogi.

334 2261 383 2302 Et
417 2263 608 2312 profectus
641 2263 692 2301 est
723 2264 762 2301 in
799 2262 1009 2308 Graeciam,
1049 2260 1212 2299 abducta
1248 2257 1373 2296 secum
1412 2256 1604 2303 Ociavia,

336 2337 419 2378 qua:
442 2337 561 2373 nuper
576 2323 732 2364 filiolam
754 2336 799 2362 ex
815 2321 1000 2363 Marcello
1018 2327 1230 2371 pepererat:
1256 2318 1469 2366 iterumque
1497 2317 1608 2357 dimi·-

381 2457 405 2503 §
429 2457 533 2493 XLII.
558 2457 703 2503 Appiam
734 2455 822 2490 plut.
848 2454 869 2500 §
892 2454 1014 2488 XLIII.
1037 2451 1160 2497 Vellei.
1181 2451 1272 2485 mut.
1293 2449 1439 2495 Appiana
