1685 3042
271 202 351 252 IN
388 200 560 248 LOC.
609 198 739 246 LIB.
785 198 960 245 CXXII
1013 200 1157 247 LIV.
1255 217 1350 264 257

69 318 184 362 atque
206 309 432 362 propinquis
453 306 527 348 suis
548 304 747 344 lenitatem
775 310 888 353 atque
916 303 1218 344 moderationem
1241 306 1349 346 Bruti

68 372 271 422 diligenter
298 367 579 419 exposuerunt,
606 378 652 404 eo
682 377 737 403 res
760 365 926 403 addueta
949 365 1023 413 est,
1050 374 1114 414 ut,
1141 368 1204 416 qui
1229 369 1347 407 modo

71 441 242 472 extrema
277 431 505 476 maluerant,
537 427 728 479 aperirent
758 436 886 476 portas
902 458 913 475 ‚
936 426 1048 476 seque
1075 429 1110 467 ὃς
1135 428 1200 468 sua
1221 429 1352 469 omnia

70 493 114 533 :in
137 495 253 533 fidem
285 491 587 542 potestatemque
617 489 721 528 Bruti
747 489 1025 528 contraderent.

127 562 316 603 XXXIV.
336 563 459 611 Atque
486 558 551 598 ille
575 559 741 598 neminis
766 568 830 598 aut
855 559 1110 610 supplicium,
1127 570 1193 599 aut
1220 560 1354 611 fugam

70 625 199 675 juffit:
226 624 289 662 sed
315 631 489 673 recepta,
506 635 590 671 quae
611 622 650 660 in
673 620 832 672 publico
856 630 957 670 erat,
979 622 1139 672 pecunia
1156 652 1166 670 ,
1183 623 1355 663 edietum

72 685 194 725 fimile
217 685 387 725 Caffiano
422 683 644 734 proposuit,
661 685 710 721 de
731 683 935 734 conferendo
962 698 984 720 a
1005 682 1162 735 privatis
1193 697 1277 720 auro
1300 698 1360 719 ar.

66 759 246 801 gentoque.
271 746 383 785 Forte
408 745 590 795 quidam,
611 758 632 783 a
653 744 758 783 servo
786 745 962 794 proditus
987 757 1120 783 aurum
1152 743 1358 793 abdidisse,

71 810 122 848 ad
137 809 296 849 Brutum
319 807 544 847 ducebatur.
571 806 667 846 Eum
683 814 725 844 ut
741 807 902 856 eriperet
918 815 1060 854 mater,
1084 818 1173 844 cum
1188 804 1357 844 clamore

73 870 323 920 sequebatur,
344 869 518 907 innocenti
542 870 714 921 negotium
736 869 890 906 exhiberi
903 884 919 916 ;
935 868 975 919 ste
996 869 1151 906 criminis
1173 868 1249 919 ejus
1264 867 1359 907 ream

73 933 150 985 effi.
182 934 282 973 Turn
304 931 504 970 conversus
531 931 579 969 ad
601 943 686 969 eam
712 929 838 969 servus
853 959 864 977 ,
888 943 1123 981 quamquam
1151 930 1365 980 interroga-

71 1002 136 1032 tus
157 1007 236 1032 non
261 994 351 1032 effet
363 1023 374 1041 ,
391 1004 600 1042 coarguere
624 990 870 1029 mendacium
892 990 1031 1040 coepit,
1052 992 1087 1029 Sc
1100 1021 1114 1037 ,
1128 1004 1249 1028 aurum
1263 1005 1286 1027 a
1302 993 1364 1029 do-

76 1057 171 1096 mino
193 1057 364 1103 celatum,
389 1054 606 1093 ass'everare.
638 1055 732 1093 Haec
766 1052 831 1092 ubi
863 1052 1075 1091 renuntiata
1101 1052 1220 1091 Bruto
1252 1052 1363 1100 sunt,

64 1117 214 1172 juvenis
237 1116 412 1170 patientia
427 1147 439 1162 ,
465 1127 630 1153 matronae
655 1115 789 1168 pietate
813 1115 1040 1161 collaudata,
1069 1115 1163 1151 abire
1182 1127 1256 1151 cum
1277 1128 1363 1152 auro

64 1180 139 1233 suo
168 1178 357 1216 incolumes
370 1192 386 1224 ,·
403 1178 541 1229 servum
568 1176 757 1227 improbum
781 1175 817 1212 in
841 1189 969 1212 crucem
993 1174 1072 1211 tolli
1086 1205 1097 1219 ,
1125 1173 1241 1222 jussit.

144 1246 314 1288 XXXV.
356 1246 457 1285 Inter
482 1244 565 1283 haec
600 1243 728 1283 miffus
756 1255 846 1282 cum
876 1251 982 1293 parte
1018 1240 1139 1280 elaffis
1177 1241 1365 1282 Lentulus

75 1302 290 1357 Andriaca,
312 1308 418 1358 quod
440 1306 574 1346 navale
596 1305 831 1357 Myrenfium
859 1305 930 1352 est,
951 1313 1084 1354 rupta,
1105 1316 1187 1353 quae
1207 1315 1366 1354 portum.

78 1369 304 1415 claudebat,
321 1377 453 1406 catena
469 1398 480 1415 ‚
495 1366 621 1416 cepit;
647 1365 880 1416 Myrenfium
911 1372 1071 1415 praetore
1094 1363 1204 1402 simul
1233 1365 1367 1414 depre-

77 1432 211 1472 henso.
241 1432 289 1472 Et
324 1430 428 1468 hunc
453 1429 595 1468 dimitti
627 1427 762 1467 Brutus
790 1426 918 1477 juffit:
945 1439 1070 1476 eoque
1106 1428 1219 1476 paeto
1248 1426 1366 1476 Myra

77 1507 234 1546 quoque
264 1493 408 1543 recepit
432 1492 473 1531 in
506 1490 769 1538 deditionem3
792 1490 858 1529 ubi
890 1489 1058 1528 similiter
1093 1491 1223 1529 exatsta
1247 1502 1370 1540 pecu-v

76 1557 142 1595 nia
157 1586 168 1603 ‚
185 1553 366 1596 Lentulus
390 1553 439 1591 ad
459 1553 732 1602 imperatorem
757 1550 881 1590 rediit.
909 1551 955 1590 At
980 1549 1066 1597 ille,
1090 1559 1243 1600 recepta
1260 1551 1368 1590 omni

77 1619 220 1669 Lycia,
249 1614 523 1664 communique
550 1613 751 1665 Lyciorum
772 1626 851 1652 non
881 1612 1047 1664 amplius
1075 1623 1231 1652 centum
1257 1614 1369 1664 quin-

81 1679 264 1729 quaginta
297 1675 449 1715 talentis
483 1676 697 1726 imperatis,
722 1670 856 1726 claffeni
885 1689 998 1713 eorum
1024 1676 1152 1728 Abydi
1177 1675 1369 1728 praestolari

81 1739 210 1793 juffit,
244 1751 320 1788 quo
358 1739 393 1776 &
426 1735 505 1787 ipse
540 1736 727 1786 pedestres
764 1737 895 1786 copias
927 1743 1007 1774 erat
1044 1736 1297 1783 adducturus,
1323 1746 1369 1776 ut

81 1801 176 1840 inde
195 1799 337 1840 Sestum
361 1798 639 1837 transmitteret.
669 1797 771 1836 Prius
797 1806 929 1836 tamen
946 1797 1117 1836 deflectit
1140 1799 1179 1835 in
1199 1798 1369 1846 Joniam,

83 1862 243 1901 instituti
275 1860 331 1899 sui
361 1870 499 1908 tenax,
523 1861 559 1898 ὃς
587 1858 727 1909 ubique
758 1858 912 1908 justitiae
938 1867 1052 1908 atque
1087 1858 1368 1899 moderationis

83 1925 202 1964 edens
230 1922 406 1973 praeclara
434 1921 654 1972 specimina.

143 1993 335 2035 'XXXVI-
363 1994 438 2034 Sed
471 1992 568 2031 nihil
604 1992 679 2031 fuit
705 1989 927 2030 hominibus
958 1989 1145 2041 supplicio
1170 1991 1371 2032 Theodoti

85 2057 254 2106 gratius,
278 2067 417 2105 quem,
446 2062 603 2105 propter
634 2053 859 2103 pompejum
889 2064 1073 2102 magnum
1103 2051 1179 2092 hoc
1213 2056 1369 2093 auctore

83 2117 349 2165 interfectum,
377 2117 637 2155 communiter
663 2127 798 2153 omnes
834 2123 940 2153 erant
975 2114 1107 2165 perosi.
1146 2116 1263 2154 Hunc
1300 2116 1371 2167 igi-

83 2189 167 2227 tur,
204 2180 298 2218 dum
332 2179 446 2217 ceteri
480 2177 689 2227 puniuntur
719 2189 739 2214 a
769 2175 935 2224 Caesare,
982 2177 1073 2227 fuga
1112 2187 1288 2228 ereptum
1319 2190 1370 2218 ex

83 2241 249 2291 AEgypto
264 2271 276 2288 ,
299 2242 334 2279 δε
356 2253 422 2290 per
448 2239 569 2279 Afiam
591 2237 886 2287 vagabundum,
910 2239 1034 2291 corripi
1058 2238 1193 2277 Brutus
1213 2270 1223 2287 ‚
1249 2254 1372 2277 excru-

81 2305 274 2357 ciatumque
295 2305 425 2352 necari,
441 2302 556 2354 jussit.
581 2302 685 2342 Inter
700 2301 781 2341 haec
805 2304 839 2342 δι
856 2301 999 2342 Caffius
1013 2332 1024 2351 ‚
1041 2302 1184 2341 Rhodo
1202 2302 1371 2357 subacta,

132 2439 154 2483 §
177 2438 335 2471 XXXIII.
359 2437 441 2471 Dm.
469 2438 618 2482 Appian.
640 2436 730 2471 Plut.
755 2439 776 2483 §
801 2436 962 2475 XXXIV.
992 2437 1141 2482 Appian.
1173 2436 1196 2482 §
1228 2434 1372 2475 XXXV.

89 2491 173 2524 Dio„
201 2492 347 2534 Appiam.
378 2492 465 2523 I'Iut.

155 2549 206 2594 T.
236 2550 329 2596 Liar.
356 2550 455 2595 Vol.
490 2548 581 2597 XI.
637 2609 647 2615 ο
1111 2544 1154 2591 R
