1685 3042
295 173 393 224 282
466 150 1092 225 JO.i=RE1NsHEM11
1132 175 1495 227 SUPPLEM.

296 282 447 331 derint,
473 281 554 331 ipsa
581 281 864 321 consuetudine
888 281 1012 322 levius
1043 282 1240 322 timentur.
1265 283 1410 323 Sedin
1439 282 1592 324 Caesaris

295 343 425 383 castris
449 343 614 394 auspicia
640 352 807 394 extaque
833 343 920 383 laeta
937 351 1063 391 erant,
1091 345 1218 397 ipfique
1235 358 1300 397 per
1312 346 1456 398 quietem
1482 348 1595 400 Caefizr

288 418 394 459 pater
416 406 614 459 praedixsse
635 409 834 461 prosperam
859 421 1018 461 pugnam
1049 408 1194 455 fertur,
1221 409 1419 457 admonito,
1447 421 1486 447 ut
1513 410 1590 447 ali-

290 482 396 520 quam
421 484 488 509 rem
514 469 690 521 affumeret
716 484 760 508 ex
786 470 860 517 iis,
887 485 979 522 quas
1011 471 1156 509 diblator
1183 471 1255 524 ipse
1279 471 1479 524 gestavfft.
1516 471 1593 521 Igi-

235 572 240 575 ,
291 537 354 569 tur
378 530 565 570 annulum
591 533 674 581 ejus
702 531 830 569 induit
852 531 998 580 statim,
1029 545 1154 582 eoque
1185 533 1313 583 postea
1336 545 1490 583 quoque
1518 533 1592 571 fre-

294 603 458 641 quenter
478 593 531 631 est
555 592 654 632 usus.
688 593 765 632 Sed
791 595 826 631 ἃ
851 593 1025 632 medicus
1051 596 1136 642 ejus
1159 595 1331 635 Artorius
1356 596 1585 646 imaginatus

291 653 367 701 est,
386 667 408 692 a
425 654 603 693 Minerva
631 652 698 691 [ibi
727 653 907 702 praecipi,
929 665 968 690 ut
991 655 1156 706 Caefierem
1170 685 1182 701 ‚
1207 655 1287 692 licet
1311 657 1509 694 invalidum
1526 657 1591 693 aa'.

289 716 386 762 huc,
417 717 569 754 educeret
598 714 739 766 castris,
767 716 803 754 ὅ»
833 715 871 753 in
903 715 976 753 acie
1005 715 1218 763 collocaret,·
1254 728 1375 766 eaque
1413 730 1472 755 res
1503 730 1586 756 non

286 774 412 826 spreta
436 776 483 814 ab
504 774 749 814 adolescente
763 805 775 822 ,
799 774 995 814 salubriter
1012 776 1047 814 ei
1072 775 1197 824 cellit,
1226 785 1269 815 ut
1290 777 1419 826 postea
1441 790 1592 816 memo-

289 839 473 878 rabimus.
530 839 680 877 Interea
713 838 857 877 Caffius
878 869 891 884 ‚
930 847 1072 879 terrore
1106 839 1373 889 prodigiorum
1412 837 1594 878 nonnihil

289 900 463 946 dejectos
485 897 657 937 militum
677 899 827 938 animos
850 912 1031 948 cernens,
1055 900 1177 951 magis
1199 900 1396 951 magisque
1419 900 1589 941 ducendi

288 959 383 999 belli
405 962 537 999 audior
562 959 772 998 exsistebat.

318 1053 321 1054 ν
362 1021 408 1060 V.
445 1022 587 1061 Contra
620 1022 685 1071 qui
729 1020 832 1071 apud
875 1021 1035 1062 Brutum
1067 1030 1197 1071 erant,
1225 1021 1374 1062 levibus
1416 1022 1590 1072 equitum

283 1082 464 1133 proeliis,
492 1097 574 1133 quae
611 1083 791 1134 prospere
826 1084 1034 1132 cesserant,
1068 1084 1182 1132 elati,
1221 1085 1288 1137 nist
1317 1087 1384 1124 cito
1415 1087 1456 1123 de
1484 1086 1590 1138 sum-

286 1160 345 1184 ma
386 1160 493 1185 rerum
529 1146 751 1186 dimicaretur
775 1176 787 1195 ,
824 1147 936 1185 alium
981 1148 1054 1186 alio
1099 1149 1258 1186 abituros
1298 1147 1588 1187 minitabantur.

284 1206 374 1248 Pars
403 1207 506 1247 enim
542 1206 683 1246 horum
718 1207 841 1247 multo
880 1209 1040 1248 minima
1077 1209 1166 1249 Itali
1196 1218 1304 1248 erant
1331 1223 1341 1249 :
1368 1210 1482 1248 ceteri
1511 1208 1590 1247 do-

287 1283 375 1328 mos
409 1269 569 1321 quisque
596 1270 705 1318 suas,
730 1285 822 1321 quas
852 1271 890 1309 in
920 1272 1066 1321 pacatis
1096 1271 1226 1311 adhuc
1261 1271 1466 1322 provinciis
1498 1268 1591 1308 reli-

291 1340 479 1382 querant,
497 1331 763 1383 respiciebant.
792 1333 879 1372 Erat
901 1334 936 1372 ἅ
956 1332 1035 1382 ipse
1063 1332 1200 1372 Brutus
1225 1333 1274 1371 ad
1292 1331 1589 1382 periclitandam

286 1394 488 1434 fortunam
521 1395 767 1446 propensior,
795 1408 871 1445 quo
900 1395 1119 1434 maturrime
1147 1393 1208 1434 vel
1236 1395 1448 1433 restitueret
1483 1406 1590 1432 rem-

284 1456 516 1514 publicam,
547 1455 608 1494 vel
643 1455 780 1495 orbem
814 1464 998 1494 terrarum
1027 1455 1208 1494 molestiis
1239 1464 1355 1511 atque
1386 1453 1498 1493 bellis
1530 1454 1588 1493 le-

285 1527 404 1558 varet.
446 1516 693 1557 Acce-[serunt
722 1517 932 1567 transfugia
973 1515 1254 1557 nonnullorum
1290 1515 1339 1554 ad
1375 1514 1524 1564 hostes,
1547 1516 1586 1555 δε
1650 1560 1653 1563 ,

283 1580 383 1621 hinc
404 1581 520 1620 etiam
543 1580 592 1620 de
617 1579 701 1619 aliis
728 1578 960 1630 suspiciones
987 1580 1022 1618 δι
1048 1579 1231 1618 crimina:
1265 1577 1402 1628 quibus
1428 1577 1468 1616 in
1495 1589 1589 1616 con·

285 1642 373 1683 filio
403 1642 517 1682 multi
544 1643 785 1688 amicorum,
822 1639 937 1680 Caffii
965 1640 1148 1679 damnata
1179 1639 1453 1685 cunctatione,
1478 1637 1587 1678 Bruti

288 1703 488 1743 confilium
525 1702 783 1754 praetulerunt.
828 1704 877 1743 At
912 1715 1008 1744 unus
1035 1714 1082 1741 ex
1106 1700 1266 1741 cohorte
1300 1700 1406 1739 Bruti
1432 1698 1586 1739 Attilius

287 1769 429 1808 hiemem
454 1768 718 1821 exspeelandam
738 1765 939 1806 censebat:
967 1764 1196 1815 causamque
1221 1772 1398 1814 rogatus,
1412 1764 1450 1813 fi
1467 1762 1583 1810 nihil,

287 1829 433 1880 inquit,
467 1830 595 1878 aliud,
619 1841 720 1868 tanto
745 1829 867 1867 vivam
897 1829 1046 1867 diutius.
1074 1828 1127 1867 Ea
1150 1839 1226 1866 vox
1258 1824 1421 1864 mirifice
1453 1824 1584 1875 displi-

287 1893 370 1932 cuit
406 1891 528 1931 Casfio
555 1890 794 1940 ceterisque:
824 1889 1102 1940 decursumque
1135 1902 1181 1928 eo
1209 1887 1285 1936 est,
1310 1897 1352 1925 ut
1388 1885 1583 1936 posterum

287 1952 332 1994 in
355 1952 457 1991 diem
481 1964 610 2004 pugna
638 1951 863 1991 ediceretur.
897 1951 991 1991 Eam
1016 1949 1130 1990 alacri
1157 1949 1293 1989 Brutus
1315 1947 1467 1994 animo,
1487 1945 1585 1985 mul-

286 2023 330 2053 ta
353 2013 463 2064 super
485 2025 595 2052 coena
622 2026 691 2063 pro
716 2011 886 2063 sapiente
918 2012 1117 2058 differens,
1136 2009 1406 2062 exspectabat:
1437 2007 1580 2048 Caffius

288 2074 403 2116 solito
433 2075 593 2123 tristior,
633 2074 911 2126 comprehensa
943 2073 1124 2116 Messalla:
1153 2074 1308 2121 dextra,
1339 2073 1407 2119 Te,
1433 2071 1579 2121 inquit,

288 2137 488 2189 Meffizlla‚
516 2137 632 2191 testor,
667 2138 785 2189 magni
815 2137 975 2190 Pompeji
1001 2137 1087 2190 fato
1118 2150 1168 2174 me
1189 2135 1321 2187 urgeri,
1343 2145 1380 2171 ut
1408 2135 1450 2171 de
1465 2133 1586 2184 fizlute

286 2201 411 2254 pam'ae
436 2214 505 2238 uno
535 2199 656 2252 proelio
690 2200 876 2237 decernam.
913 2199 977 2251 Est
1013 2211 1127 2236 tamen
1156 2197 1196 2233 it'z
1231 2195 1383 2248 fhrtuna
1419 2192 1584 2231 nonnihil

285 2263 389 2317 spei,
420 2275 493 2315 quae
527 2262 698 2301 interdum
740 2261 831 2299 male
873 2259 1033 2313 consulta
1070 2259 1218 2312 corrigit.
1262 2255 1371 2295 simul
1405 2253 1582 2295 invitavit

345 2387 368 2432 §
395 2386 455 2419 IV.
479 2387 568 2419 Flor.
590 2398 611 2426 4
629 2412 637 2427 ‚
663 2395 696 2425 7.
734 2385 926 2420 Marcellin.
954 2395 987 2416 2¹
1004 2411 1012 2424 ,
1032 2385 1086 2417 28.
1109 2383 1190 2417 Dio.
1217 2381 1304 2415 Plin.
1332 2393 1377 2422 7,
1399 2390 1454 2420 45.
1479 2377 1583 2412 Oros.

293 2439 341 2480 6,
373 2440 425 2471 18.
460 2439 548 2471 l’lut.
572 2441 606 2470 in
634 2439 727 2471 Brut.
759 2451 788 2470 c.
813 2438 855 2468 (20
872 2465 881 2475 ,
906 2437 939 2470 &
966 2437 1094 2471 Aaron.
1118 2450 1146 2472 c.
1174 2446 1225 2478 27.
1260 2437 1402 2469 Sueton.
1423 2434 1457 2465 in
1488 2433 1578 2476 Aug.

294 2504 326 2527 c.
347 2504 404 2535 41.
427 2492 568 2528 casaub.
591 2493 626 2527 in
649 2493 793 2528 Sueton.
812 2491 896 2527 Caes.
925 2503 955 2526 c.
977 2503 1012 2533 4.
