1685 3042
272 240 350 286 IN
397 236 562 285 roc.
612 237 741 284 Lm.
788 238 961 285 cxvii
997 239 1143 287 mv,
1310 254 1390 302 ῳ

118 356 228 394 gere,
255 347 288 384 &a
317 356 474 396 propter
501 353 645 383 metum
675 343 913 392 judiciorum
938 346 1201 384 venditionem
1236 357 1400 386 maturae

117 405 209 445 bat:
236 418 280 446 ea
305 406 384 457 ipsa
410 419 467 444 res
494 407 530 444 ei
552 416 731 454 magnam
758 406 976 445 conciliavit
1004 405 1206 446 hominum
1231 409 1401 454 benevou,

117 465 298 516 lentiam,
327 468 466 506 sortem
495 467 632 517 optimi
671 466 922 506 adolescentis
950 467 1046 507 serio
1077 468 1345 510 miserantium.

174 530 306 570 XXII.
336 528 535 580 Postquam
565 538 692 569 autem
719 532 754 570 ἃ
774 529 883 569 suum
908 532 1208 581 patrimonium,
1235 536 1269 572 ἃ
1292 533 1401 584 quida

117 593 209 641 quid
237 593 392 632 aliunde
418 593 543 632 fuerat
572 589 820 640 consecutus,
847 592 913 631 sed
940 595 976 632 Sc
1008 595 1139 633 matris
1169 596 1288 644 Atiae,
1315 595 1403 636 Phi-

116 652 288 703 lippique
322 654 447 692 vitrici
477 653 743 704 poffeffiones‚
779 662 861 692 tum
886 653 1105 693 concessum
1140 654 1203 693 fibi
1230 669 1250 693 a
1283 656 1400 695 Pedio

117 715 155 753 ἃ
182 714 330 753 Pinario
359 715 610 765 quadrantem
645 714 860 754 Caesatianae
891 714 1113 754 hereditatis
1146 729 1285 755 venum
1312 729 1403 767 pro=

117 775 271 826 posuit,
297 777 350 815 ita
384 779 598 816 concitatus
626 777 678 815 est
709 776 832 827 plebis
859 773 1040 825 affectus,
1066 785 1108 816 ut
1135 778 1309 823 omnium
1334 791 1401 817 ore

113 838 289 889 patientia
318 839 425 891 hujus
458 839 492 876 δ’
520 838 630 875 animi
660 839 862 890 magnitudo
895 837 1250 887 concelebraretur3
1279 852 1401 890 nega·-

116 908 277 949 1entque
290 899 405 949 vulgo
423 897 621 946 homines,
641 901 773 937 diutius
780 901 820 953 se
841 900 974 938 laturos
994 901 1147 954 consulis
1162 902 1399 954 insolentiam.

117 959 164 998 Et
198 969 298 999 certe
327 961 447 999 studia
483 960 588 1010 vulgi
627 959 748 1007 ludis,
773 960 838 1010 qui
867 960 933 999 sub
969 974 1034 1000 eos
1067 962 1147 1001 dies
1172 975 1242 1013 pro
1279 963 1398 1002 Bruto

117 1022 352 1070 edebantur,
373 1032 588 1073 patuerunt.
620 1022 832 1073 Receptum
860 1031 940 1063 erat
976 1025 1149 1064 moribus
1164 1023 1177 1073 ,'
1200 1033 1243 1064 ut
1276 1025 1404 1076 Apol-

116 1083 254 1123 linares
281 1084 394 1123 ludos
423 1084 589 1123 urbanus
616 1095 752 1134 praetor
776 1086 932 1126 faceret.
958 1088 1034 1127 Sed
1055 1088 1142 1138 quia
1168 1087 1402 1139 percussores

119 1146 271 1186 Caesaris
299 1147 371 1185 tuti
402 1146 476 1185 effe
502 1147 541 1186 in
568 1147 662 1186 urbe
688 1161 767 1186 non
792 1157 992 1199 poterant,
1024 1151 1148 1189 vicem
1177 1150 1282 1190 suam
1312 1152 1402 1191 Bru*

117 1200 179 1248 tus
203 1209 244 1249 C.
278 1211 445 1249 Antonio
478 1208 635 1260 collegae
667 1210 733 1249 suo
773 1211 1044 1252 demandavit:
1073 1214 1184 1263 eique
1218 1213 1401 1255 ludorum

117 1268 272 1308 suorum
299 1277 524 1321 apparatum
552 1269 764 1309 transdidit.

181 1332 337 1372 XXIII.
368 1333 415 1372 Et
453 1332 528 1371 fuit
563 1333 595 1372 is
626 1331 738 1381 plane
771 1332 996 1383 magnificus
1027 1340 1140 1384 atque
1164 1334 1402 1378 sumtuosus:

118 1407 192 1434 nec
223 1395 307 1434 Iudi
338 1404 488 1434 tantum
515 1394 739 1445 proscripti,
776 1394 841 1433 sed
873 1396 990 1434 etiam
1026 1397 1206 1446 postridie
1232 1401 1398 1440 venatio.

116 1456 343 1507 sperabant,
359 1469 402 1495 ea
426 1456 620 1507 voluptate
641 1456 839 1503 delinitam
866 1456 1019 1507 plebem
1043 1459 1246 1509 aequiorem
1270 1462 1401 1511 postea

117 1518 201 1557 fore
233 1518 522 1569 percussoribus.
565 1518 612 1558 Et
644 1528 752 1557 erant
785 1520 992 1568 concludi,
1018 1533 1084 1571 per
1115 1534 1213 1571 quos
1244 1524 1399 1564 initium

117 1580 298 1620 clamoris
335 1579 571 1628 nasceretur,
599 1582 808 1619 revocandos
834 1580 894 1633 effi
915 1582 1104 1635 primarios
1125 1585 1223 1622 viros
1247 1587 1401 1638 populi-

117 1658 182 1695 que
211 1643 467 1695 amantiffimos.
501 1643 536 1681 ἃ
557 1640 782 1691 sequebatur
806 1642 1018 1691 miseratio,
1048 1643 1257 1696 senfimque
1282 1647 1399 1686 etiam

116 1704 254 1754 reliqui
300 1702 530 1754 specffatores
563 1702 776 1754 jungebant
812 1715 980 1751 vocem,
1018 1705 1176 1745 mirifico
1221 1708 1398 1748 omnium

119 1766 277 1818 plausu:
306 1777 394 1806 cum
421 1767 554 1816 ingens
582 1766 793 1807 multitudo
820 1765 942 1817 plebis
966 1767 1003 1805 in
1030 1767 1221 1807 theatrum
1250 1769 1398 1820 irrupit,

119 1830 363 1878 inhibuitque
385 1828 643 1879 spectaculum
658 1860 670 1877 ,
689 1829 813 1868 donec
838 1829 904 1868 ista
928 1829 1130 1880 postulatio
1152 1833 1304 1882 penitus
1330 1845 1398 1872 ex-

121 1892 380 1941 stingueretur.
414 1891 516 1931 Inter
541 1891 621 1930 haec
645 1890 846 1930 Dolabella
876 1904 1039 1942 propero
1062 1892 1102 1930 in
1133 1893 1278 1944 Syriam
1304 1906 1396 1944 pro-

122 1952 225 1990 fecto
241 1981 251 1999 ‚
265 1951 349 2001 quia
373 1963 504 1990 rumor
523 1961 602 1990 erat
614 1982 626 1997 ,
643 1950 809 1991 Caffium
825 1953 860 1992 δε
877 1952 1036 1992 Brutum
1052 1953 1099 1992 de
1125 1954 1290 2004 antiquis
1312 1968 1400 2005 pro-

121 2016 256 2054 vinciis
287 2016 521 2066 occupandis
548 2017 739 2067 cogitare,
760 2016 814 2057 M.
845 2017 1027 2056 Antonius
1057 2016 1242 2067 respicere
1271 2019 1400 2059 Mace-2

123 2077 280 2117 donicas
309 2076 482 2125 legiones
505 2077 646 2127 coepit,
681 2090 841 2116 numero
869 2079 905 2116 ἃ
936 2089 1073 2128 genere
1103 2078 1270 2118 militum
1301 2080 1399 2123 vali-

123 2140 213 2186 das,
248 2137 454 2188 multisque
476 2138 632 2186 adjectis
657 2138 866 2188 equitibus,
895 2138 1024 2178 &levi
1051 2150 1249 2179 armatura.

176 2201 323 2241 XXIV.
355 2201 420 2240 Per
448 2201 603 2240 eosdem
629 2201 709 2240 dies
730 2202 852 2249 forte,
876 2214 922 2239 an
944 2201 1077 2241 fraude
1099 2202 1199 2241 illius
1214 2231 1225 2251 ‚
1250 2214 1399 2253 perere-2

123 2263 207 2303 buit
230 2262 330 2301 fama
344 2292 354 2310 ,
374 2263 484 2301 Getas
507 2264 544 2300 in
568 2264 817 2301 Macedoniam
844 2264 1034 2315 irrumpere,
1062 2263 1111 2302 de
1132 2263 1204 2302 hac
1228 2265 1275 2303 ad
1294 2264 1396 2303 senar

125 2332 208 2364 tum
242 2323 434 2373 reserens,
458 2324 608 2377 interff
634 2325 827 2377 reipublice:
856 2325 982 2374 dixit,
1009 2340 1078 2364 non
1112 2327 1234 2366 deduci
1259 2341 1282 2364 a
1311 2330 1400 2366 Mae

174 2458 195 2500 ξ
220 2457 329 2490 xxn.
354 2458 433 2490 Liv.
455 2469 471 2501 3
490 2487 497 2501 ,
523 2470 574 2500 ις.
594 2459 667 2494 Cic.
689 2459 775 2492 Phil„
800 2470 862 2501 10,
879 2471 893 2498 η
911 2486 919 2500 ‚
940 2459 1028 2493 &ad
1048 2460 1154 2493 Attic.
1177 2471 1214 2497 15
1233 2488 1241 2501 ,
1263 2473 1302 2494 10
1325 2460 1399 2507 sqq„

133 2503 157 2546 5
185 2502 308 2546 XXIII.
333 2502 422 2536 Plut.
443 2503 477 2535 in
500 2505 595 2540 Brut.
621 2517 650 2540 c.
670 2515 725 2549 3ιέ
754 2505 824 2539 Cic.
850 2504 889 2538 ad
912 2507 1017 2539 Attic„
1044 2505 1104 2546 16,
1121 2518 1141 2545 4
1156 2530 1164 2545 ‚
1186 2505 1220 2539 ἃ
1239 2508 1323 2543 Phil.
1343 2519 1396 2552 μορ

134 2561 151 2589 4
175 2546 210 2579 ὅτ
237 2557 271 2590 13
288 2573 298 2582 ,
327 2560 354 2582 ³.
380 2549 524 2593 Appiam,

1103 2604 1121 2647 I
1153 2620 1178 2648 π.
