1685 3042
312 216 405 270 320
470 203 566 251 JO.
606 200 1115 251 FREINSHEMII
1152 201 1520 253 SUPPLEM:

367 309 497 350 XXV.
534 309 636 348 Inter
673 308 744 349 hos
776 309 892 351 Italiae
927 318 1079 360 motus,
1111 324 1160 351 ne
1192 312 1316 351 vicina
1351 312 1506 362 quidem
1537 311 1592 351 sa-

309 371 358 411 tis
379 373 506 422 quieta
537 381 652 411 erant.
701 372 928 423 pompejus,
951 375 1060 413 aucta
1088 373 1258 422 quotidie
1282 375 1592 424 potentia‚·cum

312 434 349 472 δι
383 432 609 483 proscripti,
635 435 670 472 ἃ
702 445 849 473 veteres
879 434 974 483 agris
1005 435 1116 483 ejecti
1147 435 1275 473 coloni
1299 428 1517 484 frequenter
1539 435 1592 474 ad

309 506 398 534 eum
427 494 783 545 proficiscerentur,
809 495 914 534 haud
946 495 1085 544 injuria
1110 496 1338 537 timebatur:
1365 495 1592 547 praesertim,

306 556 508 608 postquam
538 557 678 597 Statius
708 556 895 603 Murcus,
921 567 1010 594 cum
1044 557 1151 596 omni
1179 557 1241 597 sua
1268 558 1379 597 claffe
1408 559 1458 598 ad
1479 557 1591 597 illum

308 615 347 657 se
370 618 595 665 conserens,
613 617 705 655 duas
728 615 900 666 legiones
927 627 1015 654 cum
1042 616 1246 666 sagittariis
1264 618 1501 669 quingentis,
1527 630 1592 668 pe-

311 678 520 728 cuniasque
548 677 716 724 multas,
739 678 773 716 &
800 689 914 715 naves
941 677 1136 727 odtoginta
1162 679 1401 727 adduxerat3
1426 678 1593 729 aliasque

308 739 462 790 insuper
493 739 699 779 revocabat
729 751 751 777 e
787 738 1035 790 Cephalenia.
1075 740 1207 789 Neque
1239 739 1400 787 desunt,
1427 742 1492 791 qui
1518 753 1591 778 tum

304 815 532 856 opportunum
559 815 690 855 tempus
718 803 923 841 invadenda:
954 803 1071 842 Italiae
1092 802 1345 856 praetermiſjicm
1367 804 1398 842 ei
1426 811 1590 853 putent,

305 864 464 917 oppreffae
488 864 612 918 fame,
643 866 678 904 6³
716 866 761 903 ab
791 865 868 918 ipso
903 856 1136 917 exsp-efflantis
1167 865 1374 911 remedium,
1409 866 1489 902 dum
1522 864 1592 901 Pe-

306 928 424 979 rusina
449 927 665 965 contentione
696 927 910 978 diversarum
932 927 1084 976 partium
1108 927 1211 964 duces
1239 926 1484 977 destrahuntur.
1513 923 1590 964 Sed

309 989 346 1028 ἆ
365 987 663 1034 Ahenobarbus,
682 988 770 1026 sitos
793 989 841 1026 ad
862 987 1017 1036 jonium
1039 999 1142 1026 mare
1161 987 1384 1027 Triumviris
1405 985 1590 1025 obedien.

306 1050 404 1088 tium
435 1063 544 1101 agros
574 1050 713 1088 vastare
740 1049 895 1095 solitus,
927 1049 1157 1089 Brundismis
1189 1050 1290 1087 intra
1323 1060 1450 1086 muros
1474 1058 1589 1086 com-

304 1111 444 1163 pulsm,
477 1111 645 1150 triremes
680 1110 831 1150 Caesaris
861 1119 1071 1156 cremarat,
1097 1118 1162 1148 aut
1189 1109 1412 1147 abduxerat.

360 1181 511 1222 XXVI.
541 1181 662 1231 Igitur
682 1181 858 1220 adversus
885 1180 990 1219 hunc
1015 1193 1090 1219 una
1111 1179 1212 1231 legio
1243 1179 1433 1219 mittenda
1452 1176 1590 1217 Caesari

301 1241 396 1289 fuit,
414 1241 542 1282 alieno
564 1242 651 1282 sane
667 1252 842 1293 tempore
856 1258 863 1281 :
879 1255 967 1281 cum
985 1243 1138 1282 interim
1158 1243 1309 1282 initium
1336 1241 1424 1280 belli
1441 1240 1587 1279 fanum

304 1304 418 1354 esset,
444 1305 692 1356 pluribusque
721 1306 816 1345 locis
843 1307 943 1345 varia
975 1305 1130 1345 fortuna
1154 1305 1393 1344 concursum.
1432 1305 1494 1344 Sic
1519 1318 1589 1343 au-

302 1374 382 1406 tem
411 1378 642 1418 comparata:
665 1378 789 1418 partes
823 1377 954 1415 erant,
984 1378 1050 1413 ut,
1075 1368 1211 1418 quibus
1245 1368 1451 1418 placebant
1477 1381 1586 1408 novae

302 1431 496 1479 coloniae,
522 1430 707 1471 Caesarem
748 1431 1019 1481 sequerentur;
1050 1431 1209 1480 populi,
1239 1437 1400 1480 quorum
1434 1431 1511 1480 agri
1541 1431 1587 1469 in

304 1493 507 1533 discrimen
543 1503 727 1532 venerant
747 1523 757 1540 ‚
788 1492 826 1531 se
856 1495 1143 1542 'conjungerent
1182 1494 1364 1533 Antonio.
1418 1494 1516 1534 Cum
1547 1496 1588 1533 in

305 1569 353 1595 eo
379 1568 436 1594 res
462 1554 600 1599 essent,
625 1565 763 1592 vocato
790 1553 919 1592 senatu
947 1552 1089 1599 Caesar‚
1114 1559 1228 1603 atque
1254 1543 1370 1593 etiain
1395 1554 1587 1603 equitibus

305 1617 491 1658 Romanis
508 1615 690 1655 adhibitis
705 1647 714 1660 ,
739 1617 922 1667 Quantum
937 1645 950 1660 ,
977 1615 1124 1665 inquit,
1145 1617 1326 1653 temerariae
1343 1616 1484 1666 fidusiae
1509 1616 1586 1653 Lu-

303 1682 358 1718 cio
381 1680 561 1732 ceterisque
588 1678 759 1729 aoeeffivir
778 1693 823 1716 ex
847 1677 992 1716 lenitate
1017 1693 1112 1724 mea,
1132 1692 1201 1716 nori
1213 1678 1293 1730 sum
1316 1679 1446 1731 nescius
1458 1693 1474 1725 ‚⁶
1494 1678 1589 1729 quod

306 1755 405 1780 amor
427 1741 551 1793 patria:
577 1754 618 1778 ac
643 1739 770 1792 quietis
798 1750 892 1785 erat,
923 1738 1188 1778 imbecillitatem
1214 1738 1249 1776 δ’
1273 1752 1392 1778 metum
1421 1740 1589 1790 interpre-

307 1805 473 1843 rantibus.
522 1803 602 1856 Ego
630 1816 711 1840 vero
749 1800 783 1838 δ’
814 1802 999 1839 exercitum
1040 1802 1198 1839 validum
1238 1802 1365 1848 habeo,
1391 1800 1587 1854 succint‘lus

307 1880 379 1906 tum
404 1867 578 1905 veteranis
593 1896 604 1913 ‚
627 1878 767 1919 quorum
788 1865 929 1915 praemia
954 1864 1184 1917 intempestive
1208 1865 1490 1911 intervenientia,
1514 1876 1586 1901 tum

310 1929 394 1968 meis
430 1928 648 1981 legionibus:
673 1938 783 1964 cetera
818 1939 949 1978 quoque
974 1926 1082 1976 firma
1112 1925 1196 1977 fimt
1220 1927 1359 1974 omnia,
1392 1939 1496 1977 neque
1521 1926 1585 1963 du-

311 1995 391 2031 dum
418 1990 533 2043 abfuit
565 1990 774 2042 quidquam,
811 1991 904 2041 qumi
937 1989 987 2026 ad
1013 1989 1136 2026 bellum
1170 1991 1350 2042 gerendum
1380 1988 1585 2040 pertineret,

305 2067 428 2111 praeter
450 2052 676 2092 voluntatem.
708 2054 783 2091 Nec
811 2053 899 2089 enim
938 2066 987 2089 me
1020 2052 1184 2099 dcleHat,
1204 2053 1242 2102 fi
1269 2066 1339 2103 qua
1367 2051 1585 2104 supersedere

311 2116 441 2159 liceat,
471 2113 596 2151 civilia
629 2111 720 2150 bella
748 2125 882 2164 gerere,
915 2112 950 2150 δ’
976 2113 1104 2164 relquo
1130 2113 1289 2149 Romano
1319 2113 1495 2164 sanguine
1537 2110 1590 2148 ad

311 2188 464 2214 mutuam
492 2173 674 2227 perniciem
702 2174 800 2210 abuti
827 2188 836 2211 .·
867 2174 1048 2226 praefirtim
1078 2173 1243 2227 ejusmodi
1279 2174 1392 2221 bella,
1417 2186 1492 2225 quae
1516 2187 1587 2211 non

310 2255 356 2278 ex
383 2238 598 2278 Macedonia
630 2249 692 2275 aut
721 2238 872 2276 Thraci1
903 2239 1117 2286 audiantur,
1143 2238 1210 2290 fid
1234 2253 1373 2291 quorum
1398 2237 1500 2289 sedes
1522 2236 1588 2289 fis-

312 2313 391 2339 tura
409 2302 456 2351 fit
483 2299 617 2348 Italia,
641 2300 758 2338 multis
784 2291 965 2355 afficienda
988 2300 1132 2352 miseriis
1147 2332 1160 2349 ,
1184 2300 1316 2351 etiamsi
1343 2313 1501 2338 numerus
1525 2313 1583 2337 ca·

313 2365 465 2403 dentium
489 2365 526 2402 in
551 2363 714 2403 rationem
739 2378 810 2403 non
831 2365 961 2403 veniat.

355 2505 378 2549 5
402 2505 513 2539 XXV.
542 2504 665 2549 Vellej.
687 2513 701 2534 2
716 2529 726 2546 ,
750 2514 800 2548 13.
823 2503 968 2548 Appiam
991 2501 1014 2548 5
1031 2502 1157 2537 XXVI.
1180 2502 1256 2536 Liv.
1277 2502 1370 2547 Epir.
1395 2501 1537 2547 Appiam..
