1685 3042
181 207 262 254 Jo.
292 206 378 252 FR.
408 205 564 252 SUPP.
596 205 658 250 ιΝ
692 204 833 250 roc,
860 205 908 250 L.
934 205 1093 251 cxxr
1129 206 1247 252 mv.
1298 223 1386 270 233

110 313 263 364 opimus
295 326 384 364 ager
411 311 550 351 alendo
583 310 764 349 exercitui
798 310 1010 350 sufficiebat
1038 314 1167 353 omnia
1186 346 1195 362 ,
1220 316 1254 354 Sc
1279 315 1397 354 vicini

110 375 231 425 reguli
257 374 389 422 multi,
414 373 566 411 levitate
598 372 732 420 insita,
755 373 790 410 &
819 372 910 411 odio
933 373 1108 423 Caesaris,
1134 376 1173 414 in
1200 377 1397 415 commili-

110 437 209 475 tium
232 434 562 487 pertrahebantur.
597 434 700 473 Inter
723 447 817 483 quos
842 436 877 473 <Sc
895 434 1136 482 „lamblichus
1156 437 1255 485 fuit,
1271 437 1398 478 Emes-

111 498 208 538 senae
238 497 361 548 gentis
389 495 541 545 regulus
558 525 568 543 ,
596 494 834 546 Lyliadisque
863 497 898 535 &
918 495 1114 536 Chalcidis
1137 501 1299 548 tyranni.

165 559 213 599 II.
243 559 314 598 His
338 557 475 608 opibus
490 556 638 606 aliquot
659 556 919 597 Romanorum
946 559 1114 606 ducum,
1129 558 1348 610 legionibus
1363 563 1399 601 &

113 622 286 671 equitatu
315 633 455 671 magno
477 621 742 659 instructorum
757 650 768 669 ,
786 621 861 660 vim
879 621 1061 663 sustinuit.
1087 622 1127 661 C.
1142 623 1306 671 primum
1328 625 1403 663 An-

110 684 230 724 tist1us
258 682 460 723 obsederat
486 696 575 721 eum
604 684 807 732 Apameae,
833 684 975 723 deinde
992 715 1003 731 ‚
1025 696 1113 722 cum
1141 698 1251 734 aequo
1279 685 1407 724 Marte

113 745 354 796 aliquamdiu
372 754 560 784 certatum
586 744 730 793 fuisset,
758 745 863 783 velut
890 746 1016 785 tacitis
1036 746 1203 785 induciis
1227 747 1406 793 diremti,

113 809 295 858 utrinque
333 807 382 846 ad
417 803 676 857 comparanda
713 806 882 856 auxilia,
916 807 1017 847 bello
1052 810 1208 848 interim
1243 809 1408 857 omisso,

115 871 154 910 se
183 870 442 911 contulerunt.
488 870 647 911 Antistio
683 872 719 909 Sc
745 870 925 919 finitimi,
953 880 1145 923 quotquot
1177 872 1311 912 Caefari
1335 872 1407 911 stuo

115 933 288 981 debant,
320 933 526 972 mittebant
563 932 731 978 auxilia,
761 935 795 972 ἃ
823 946 869 973 ex
897 933 1031 981 Judaea
1066 946 1291 985 procurator
1315 948 1409 983 gen-

114 996 166 1033 tis
187 993 408 1043 Antipater:
434 995 543 1042 cujus
561 993 683 1032 filium
713 994 935 1043 Herodem,
962 1009 983 1034 e
1004 997 1154 1045 judicio
1177 995 1329 1047 capitali
1358 996 1408 1036 ad

113 1056 152 1095 se
177 1056 467 1106 confugientem
485 1084 495 1102 ,
525 1055 563 1093 in
591 1054 737 1094 honore
763 1055 946 1095 babuerat
969 1058 1130 1106 Sextus,
1157 1057 1410 1108 Samariaeque

119 1119 157 1156 &
181 1129 282 1155 cavae
308 1116 427 1166 Syriae
448 1115 682 1166 praefecerat.
710 1117 780 1156 His
806 1117 945 1156 deinde
969 1118 1017 1157 ab
1042 1119 1168 1158 Roma
1199 1118 1315 1158 miss'ae,
1341 1131 1409 1158 co-

115 1178 188 1229 piae
222 1176 474 1216 accesserunt.

168 1239 236 1279 ΙΙΙ.
276 1239 352 1279 Sed
381 1237 672 1277 Alchandonius
702 1237 820 1278 Arabs
843 1238 1145 1278 Rhambaeorum
1169 1253 1260 1288 rex,
1299 1240 1409 1280 infidi

116 1301 265 1352 semper
288 1301 434 1348 animi,
459 1312 546 1340 curn
572 1301 619 1340 ab
646 1299 813 1350 utrisque
838 1312 996 1340 vocatus
1027 1301 1119 1341 esset
1137 1334 1151 1351 ,
1182 1303 1310 1342 medio
1343 1304 1409 1342 in-

115 1374 174 1403 ter
203 1366 414 1414 Apameam
437 1365 472 1402 <Sc
500 1363 647 1402 Antistii
671 1362 788 1401 castra
812 1362 902 1401 loco
928 1363 1125 1412 consedit,
1146 1367 1202 1413 ἃ,
1231 1367 1409 1405 mercede

116 1427 156 1466 se
187 1426 444 1466 militaturum
481 1424 692 1476 profeffu3‚
720 1424 829 1475 plura
856 1426 962 1465 danti
995 1427 1101 1467 Bass'o
1134 1427 1309 1471 acceffit:
1342 1428 1411 1467 bo-

116 1501 285 1538 namque
312 1488 346 1526 ei
384 1500 568 1538 operam,
594 1488 699 1538 quod
726 1499 815 1526 arcu
848 1489 969 1538 perite
1004 1489 1211 1528 utebantur
1245 1489 1411 1536 Arabes,

118 1552 304 1602 praestitit.
348 1552 431 1591 Nec
460 1551 549 1590 ideo
579 1551 706 1590 minus
741 1551 790 1589 ad
817 1552 994 1602 Apameae
1028 1552 1268 1592 obsidionem
1302 1553 1413 1593 Anti-

53 1658 55 1660 *
119 1614 208 1654 stius
242 1613 433 1662 redierat,
468 1626 610 1663 magna
643 1625 734 1652 cum
761 1612 825 1664 spe
852 1613 945 1653 boni
978 1624 1161 1656 eventus:
1198 1617 1326 1656 donec
1355 1629 1412 1655 ar-

121 1676 243 1716 ceffiti
269 1689 291 1715 a
314 1675 423 1716 Basso
447 1676 601 1724 Parthi,
618 1676 795 1716 maximis
820 1677 966 1727 copiis,
984 1679 1083 1718 duce
1106 1679 1269 1728 Pacoro,
1292 1678 1412 1718 affue-

118 1745 222 1776 runt.
251 1737 327 1785 Hi,
353 1736 555 1776 Antistium
578 1736 755 1787 repulisse
779 1738 979 1786 contenti,
1008 1739 1140 1779 multis
1171 1742 1252 1789 ejus
1277 1741 1411 1780 occilis

120 1796 333 1845 militibus,
354 1804 513 1848 propter
534 1796 703 1837 hiemem
722 1797 848 1852 (nam
866 1799 905 1838 in
926 1801 1035 1840 exitu
1058 1800 1275 1841 December
1296 1802 1408 1850 erat)

120 1859 227 1898 nulla
259 1859 334 1899 alia
363 1872 403 1898 re
434 1860 534 1910 gesta
568 1860 730 1899 domum
759 1861 963 1901 redierunt.

175 1921 241 1960 IV.
275 1920 333 1961 Ab
360 1920 437 1960 hoc
462 1929 637 1970 tempore
660 1934 716 1960 res
739 1921 882 1961 Caecilii
911 1922 1006 1962 Baffi
1030 1921 1118 1962 satis
1139 1922 1259 1962 firmae
1280 1922 1407 1961 fuere:

122 1984 372 2035 robustosque
394 1985 609 2033 exercitus,
625 1987 660 2024 δε
681 1998 729 2024 ex
742 1985 899 2026 victoria
919 1985 1055 2037 plenus
1076 1987 1209 2033 animi,
1231 1995 1273 2025 ut
1293 1985 1410 2024 etiam

122 2046 317 2092 Patribus,
341 2045 559 2086 Italicarum
588 2059 713 2086 rerum
729 2047 1017 2098 perturbatione
1039 2047 1183 2093 anxiis,
1201 2046 1335 2085 solatio
1358 2046 1415 2085 es-

120 2109 188 2148 set.
224 2109 403 2149 Ceterum
425 2109 514 2159 quia
545 2108 698 2148 Caesaris
726 2109 949 2149 confirmata
976 2111 1059 2149 aCta
1081 2110 1256 2156 fuerant,
1276 2122 1412 2159 quam-

124 2183 238 2221 quam
261 2183 307 2209 eo
328 2172 407 2221 jam
429 2179 603 2222 peremto
619 2201 631 2217 ,
658 2171 698 2210 L.
715 2171 857 2211 Statius
883 2169 1060 2219 Murcus,
1083 2183 1132 2209 ex
1160 2179 1320 2221 praetura
1342 2171 1412 2221 Sy-

122 2234 214 2271 riam
239 2231 477 2281 provinciam
504 2230 726 2280 habiturus,
754 2243 844 2270 cum
864 2231 984 2271 tribus
1013 2231 1232 2282 legionibus
1262 2230 1408 2269 bellum
1441 2247 1453 2254 ²

123 2292 253 2333 intulit
283 2292 414 2343 Basso3
446 2293 741 2344 supervenitque
764 2293 814 2344 Q
836 2293 1005 2334 Marcius
1035 2292 1187 2344 Crispus
1212 2292 1410 2344 praetorius

172 2425 196 2467 S
224 2425 252 2458 Ῑ.
277 2427 347 2459 Cic.
370 2427 455 2462 Phil.
476 2439 510 2461 ιι
525 2455 535 2470 ,
554 2428 602 2461 18.
625 2430 732 2461 Str-ab.
751 2430 774 2461 l.
793 2429 843 2461 16.
870 2430 890 2457 G
907 2430 949 2462 Π.
965 2429 1104 2471 Joseph.
1127 2429 1233 2472 antiq.
1254 2426 1328 2459 Jud.
1351 2438 1409 2467 ¹4,

129 2469 296 2556 ἷζζδξοάε
319 2473 354 2507 Β.
371 2472 446 2507 Jud.
466 2484 479 2507 ι
493 2499 503 2517 ‚
525 2473 557 2507 S.
580 2475 688 2508 Strab.
709 2474 786 2507 Dio.
812 2475 833 2520 §
859 2474 918 2510 111.
937 2474 1017 2509 Dio.
1033 2475 1142 2508 strab.
1160 2474 1232 2508 Cic.
1245 2473 1284 2505 ad
1303 2472 1411 2521 Attic-
