1685 3042
213 196 310 246 180.
370 187 1010 254 JO‚·‹FRE1NSHEM11
1052 180 1406 230 SUPPLEM.

207 302 404 346 Ciceronis
444 299 607 346 morbO,
640 299 681 338 ἃς
702 299 865 336 minime
890 294 1010 334 dubio
1036 290 1213 331 omnium
1244 286 1443 339 periculo,
1472 283 1502 324 fi

208 368 311 409 filius
334 363 552 411 interfecti,
580 362 763 412 idemque
791 360 940 410 magnis
970 356 1093 407 copiis
1116 353 1326 400 subnixus,
1356 349 1501 401 consu-

208 428 335 468 latum
369 424 672 475 indipisceretur.
720 421 840 473 Igitur
875 420 973 458 inter
1002 417 1135 457 omnia
1157 415 1316 461 dantes,
1344 414 1379 452 δε
1403 410 1501 451 nihil

207 483 466 539 selinquentes
481 517 494 534 ,
519 485 646 525 media
670 484 733 522 via
757 482 925 534 placuit,
947 481 1002 518 uti
1012 477 1194 533 fintentiae
1225 475 1317 514 inter
1336 473 1503 527 consula-

206 569 263 593 res
276 551 495 606 dicendaejus
508 551 539 588 ei
555 549 642 602 effet.
663 547 866 598 postquam
892 544 969 583 hoc
990 542 1097 593 parvi
1116 540 1234 581 fiebat
1247 569 1258 588 ,
1276 540 1498 585 decretum,

205 618 260 657 uti
285 616 460 670 proximis
489 613 638 652 comitiis
669 622 822 664 praetor,
842 608 1066 661 sequentibus
1090 604 1214 658 conficl
1236 601 1505 642 renuntiaretur..

207 681 300 722 Hoc
328 678 445 719 modo
480 675 567 714 satis
599 680 709 712 acute
745 670 934 721 putabant
970 666 1113 708 elufiffe
1140 679 1330 718 puerum,
1356 673 1400 704 ut
1429 662 1502 713 ipfi

209 730 370 795 (Quidem
397 737 588 790 appellare
616 733 901 774 consueverant.
932 731 1009 771 Sed
1035 729 1102 769 ille
1127 729 1206 768 hoc
1231 728 1357 779 ipsum
1379 726 1502 767 veluti

204 803 430 857 convicium
457 800 508 839 ad
536 797 798 837 defenfionem
833 806 999 842 eorum,
1025 804 1110 842 quae
1130 788 1412 837 meditabatur,
1439 801 1502 827 at-

206 867 352 918 1ipiens
367 894 378 913 ‚
404 862 553 913 Lepido
582 860 801 910 satagente,
826 868 916 895 cum
941 854 1110 895 Antonio
1135 851 1403 893 reconciliavit
1421 864 1506 902 gra-

208 932 305 969 tiam
319 960 330 977 ,
349 940 433 981 non
456 925 591 965 obvius
619 922 737 962 modo
761 919 956 971 excipiens
985 918 1209 958 redeuntem
1224 946 1238 966 ,
1260 914 1328 954 sed
1349 913 1428 965 ipse
1451 913 1506 954 al-

152 979 162 999 *
207 992 344 1031 liciens
374 1003 462 1029 eum
491 990 526 1028 Sc
558 997 787 1038 provocans.
1048 1008 1050 1010 -

280 1052 422 1093 XLIII.
453 1051 556 1091 Inter
582 1048 695 1095 haee,
723 1045 881 1086 Antonii
908 1043 1031 1084 rursus
1057 1041 1209 1082 emerfit
1230 1041 1413 1090 fortuna,
1436 1053 1505 1081 cu-

206 1119 270 1168 jus
302 1116 350 1154 de
369 1113 481 1153 rebus
515 1112 680 1152 curatius
703 1109 948 1149 referendum
969 1107 1046 1147 est:
1073 1107 1150 1146 fine
1185 1118 1345 1154 quarum
1373 1107 1505 1156 cogni-

206 1180 317 1224 tione
339 1175 476 1215 secutae
506 1187 599 1214 mox
623 1171 878 1212 conversionis
906 1179 988 1210 tota
1016 1169 1060 1208 fit
1090 1168 1251 1208 obscura
1279 1169 1391 1208 ratio.
1423 1167 1507 1207 Fu-

207 1249 322 1292 gatus
356 1253 376 1278 a
403 1238 557 1278 Mutina
587 1234 744 1287 petebat
777 1234 893 1284 Alpes
912 1264 925 1281 ,
952 1234 1010 1272 vir
1044 1231 1223 1272 adversus
1251 1231 1506 1269 incommoda

206 1318 292 1344 non
313 1302 439 1341 minus
462 1301 667 1351 pervicax,
684 1310 801 1349 quam
827 1296 955 1343 luxui,
980 1295 1109 1346 quoad
1135 1302 1307 1342 vacaret,
1335 1293 1502 1332 deditus.

205 1367 331 1420 Igitut
358 1366 393 1404 δε
420 1364 459 1402 in
492 1363 568 1402 hoc
595 1362 732 1401 itinere
767 1359 904 1400 diversi
936 1361 972 1398 ὁὶ
1004 1371 1112 1409 paene
1146 1356 1324 1396 contrarii
1354 1356 1505 1406 generis

212 1431 448 1470 documenta
479 1426 626 1465 edidit:
655 1423 883 1474 plerumque
908 1422 1073 1461 tolerans
1099 1420 1237 1459 inediae
1263 1421 1298 1458 Sc
1315 1418 1509 1466 laborum,

208 1493 325 1543 supra
350 1504 465 1542 quam
489 1489 533 1527 fit
561 1486 766 1534 credibile3
790 1486 953 1533 iterum,
974 1484 1042 1523 ubi
1057 1484 1258 1522 videbatur
1281 1480 1354 1520 effe
1378 1480 1509 1531 aliqua.

209 1554 360 1595 occasio
377 1584 388 1600 ‚
413 1549 588 1602 profusus
612 1550 650 1587 in
675 1548 809 1586 vinum
833 1549 869 1586 ὃς
892 1546 1036 1597 epulas.
1064 1546 1180 1586 Unde
1204 1557 1285 1583 non
1307 1543 1515 1593 inelegan-

212 1630 270 1659 ter
287 1614 521 1667 -respondiffe
535 1612 634 1652 visus
648 1612 701 1650 est
713 1610 958 1651 familiarium
973 1611 1055 1659 ejus
1069 1621 1184 1657 unus,
1201 1608 1383 1659 quaerenti
1394 1637 1405 1655 ,
1421 1606 1510 1659 quid

211 1683 403 1724 Antonius
418 1691 554 1732 ageret,
581 1677 690 1728 Quod
707 1674 809 1714 canis
834 1675 870 1712 in
881 1675 1047 1727 AEgypto
1062 1687 1072 1711 .·
1087 1673 1175 1710 bibit
1195 1671 1337 1724 &fitgit
1353 1686 1365 1710 .·
1386 1683 1508 1720 quan-

214 1747 266 1785 do
294 1746 334 1783 in
361 1743 435 1782 illis
462 1740 684 1792 regionibus
713 1750 826 1777 canes
857 1746 963 1776 metu
998 1733 1286 1775 crocodilorum
1313 1733 1504 1772 currendo

214 1808 357 1848 bibunt
376 1819 423 1845 ex
447 1805 618 1845 flumine.
655 1801 732 1842 Sed
763 1799 893 1850 saepius
924 1801 990 1839 vix
1018 1797 1310 1837 necessariorum
1338 1804 1418 1835 erat
1441 1808 1508 1834 co-

215 1873 308 1923 pia:
329 1879 372 1910 ut
396 1872 431 1909 ὅς
457 1868 602 1907 cortice
640 1863 774 1904 vixiffe
805 1863 927 1913 copiae
959 1865 1070 1912 eJus,
1096 1862 1133 1901 &
1162 1858 1304 1899 nullius
1331 1856 1507 1897 animalis

215 1933 394 1974 carnibus
417 1929 637 1971 abstinuisse
654 1959 667 1978 ,
695 1927 905 1967 tradantur.

281 1995 419 2036 XLIV.
462 1995 553 2034 Non
588 1999 670 2030 erat
705 1987 869 2029 difficilis
909 1986 1171 2038 exstinguendi
1209 1985 1287 2023 hoc
1327 1992 1505 2034 tempore

213 2059 310 2101 belli
328 2057 437 2097 labor
451 2087 461 2103 ,
479 2057 503 2095 s1
518 2056 601 2107 quis
620 2052 764 2104 insequi
787 2051 1001 2102 fugientem
1022 2048 1207 2090 voluisset.
1226 2049 1368 2087 Verum
1386 2047 1506 2085 enim-

216 2134 309 2161 vero
333 2119 517 2160 Caesarem
550 2115 790 2167 indignatio,
813 2114 918 2165 quod
954 2114 1071 2153 Bmto
1098 2111 1323 2150 mandatum
1358 2108 1504 2147 bellum

217 2192 319 2231 erat,
355 2189 561 2221 averterat:
592 2179 730 2219 Brutus
758 2176 933 2216 insanum
966 2175 1144 2222 rebatur,
1175 2171 1324 2211 inimici
1356 2169 1410 2209 sui
1440 2170 1506 2208 ad-

215 2244 444 2292 versarium,
461 2242 529 2282 suo
554 2240 723 2292 periculo
746 2239 894 2280 tollere.
922 2237 1126 2278 Tendebat
1145 2235 1194 2275 ad
1211 2234 1421 2285 Lepidum,
1444 2244 1504 2271 ca-

218 2307 290 2347 stra
315 2314 418 2346 trans
454 2304 568 2356 Alpes
595 2303 817 2343 habentem.
849 2309 929 2340 erat
955 2302 991 2341 ὃς
1016 2302 1055 2339 in
1080 2298 1146 2337 illo
1168 2297 1274 2347 spes,
1303 2294 1505 2346 pontifica-

273 2434 294 2469 Ε
320 2432 420 2465 XLII.
441 2431 520 2464 Dio.
545 2430 670 2464 Zonar.
694 2429 768 2462 Cic.
795 2428 835 2461 ad
857 2428 950 2461 Brut.
975 2438 1028 2469 ep.
1055 2436 1086 2461 ις
1105 2451 1114 2466 ,
1137 2424 1171 2457 δι
1193 2423 1277 2456 Phil.
1300 2436 1337 2462 4,
1367 2432 1397 2454 1.
1419 2421 1505 2454 Sue-

221 2487 296 2511 ton.
321 2480 356 2510 in
382 2478 468 2521 Aug.
498 2488 525 2508 c.
556 2487 606 2508 12.
637 2474 738 2507 Oros.
757 2477 796 2514 6,
816 2474 848 2507 8.
869 2473 946 2504 Liv.
974 2472 1064 2514 Eplt.
1090 2471 1112 2513 5
1136 2469 1255 2502 XLlll.
1281 2466 1405 2511 Vellej.
1429 2467 1501 2510 Ap-

222 2524 314 2567 piam.
343 2521 430 2555 Plut.
453 2523 485 2560 ‘m
509 2522 591 2555 Ant.
617 2531 644 2553 c.
668 2531 706 2564 23
735 2519 767 2552 tx
795 2530 848 2563 24.
871 2517 1024 2553 Macrob.
1052 2516 1220 2550 Saturnini.
1241 2525 1277 2556 2,
1302 2523 1336 2546 2.

1651 0 1673 222 W‘dm
