1685 3042
239 200 300 250 86
373 180 1434 248 JO.(RE1NSHEM118UPPLEM;

238 308 407 354 flumen,
428 304 627 356 ipsumque
650 305 847 355 Tiberim,
871 306 994 346 statim
1012 320 1033 346 a
1054 312 1172 356 ponte
1193 304 1342 345 Mulvio
1367 305 1532 357 praealtis

240 369 363 408 foveis
394 378 574 420 exceptos
588 399 598 417 ,
622 370 832 410 secundum
851 377 1003 409 montes
1030 369 1235 409 Vaticanos
1250 382 1318 421 per
1341 371 1531 410 Circaeum

241 433 554 487 promontorium
578 433 842 481 Tarracinam,
865 441 981 484 atque
1005 434 1046 472 in
1069 445 1174 472 mare
1198 431 1442 483 Tyrrhenum
1467 433 1535 472 de-

245 496 410 544 ducere,
430 507 507 546 quo
528 495 676 535 minore
699 496 854 546 negotio
880 495 1005 546 subigi
1024 508 1140 535 naves
1161 496 1339 534 onerariae
1363 494 1536 546 possenti

249 559 285 598 &
300 587 311 606 ,
326 557 434 609 jaetis
457 557 506 596 ad
529 570 633 596 mare
661 558 804 596 circum
824 557 969 597 Ostiam
992 556 1180 605 molibus,
1207 556 1393 606 alveoque
1411 554 1539 596 Tibe-

185 664 188 668 ,
247 620 298 662 ris
327 628 552 670 repurgato,
586 627 740 670 portum
771 619 921 659 efficere
951 618 1158 668 cujuslibet
1187 618 1442 668 navigationis
1475 630 1542 667 caff

248 694 417 733 pacem3
455 684 515 730 ἃ,
543 695 618 732 quo
648 681 798 720 facilius
823 681 919 721 urbs
941 681 1127 730 adiretur,
1156 693 1176 718 a
1199 681 1295 718 mari
1322 679 1456 730 supero
1473 690 1542 728 per

250 744 444 795 Apennini
471 742 625 783 dorsum
657 743 705 783 ad
729 742 900 783 Tiberim
932 740 1050 791 usque
1078 741 1226 779 munire
1253 741 1368 779 viam.
1403 739 1478 781 Sed
1505 740 1543 778 ἃ

251 805 442 846 Isthmum
477 805 705 857 perfodere,
734 806 834 843 inter
861 802 1051 844 Lecheam
1087 804 1122 842 &
1158 800 1396 849 Cenchreas,
1434 800 1546 840 navi-

255 868 373 920 gabili
408 868 517 908 alveo
544 868 751 919 cogitavit:
785 867 888 918 quod
918 866 1012 907 olim
1042 859 1111 907 teir
1144 865 1390 914 Demetrius,
1417 863 1546 914 postea

257 928 432 980 Caligula
468 931 502 969 &
527 930 631 972 Nero
659 928 841 975 Caesares,
870 927 1005 967 infesto
1024 939 1159 968 omnes
1182 926 1366 977 incepto,
1395 927 1431 967 &
1448 923 1547 976 ipso-

256 1002 343 1030 rum
366 991 578 1039 interrupto
609 998 758 1038 morte,
781 996 1038 1028 tentaverunt.
1361 987 1381 1007 ’“

314 1050 464 1091 XXIII.
497 1050 600 1090 Inter
627 1049 713 1096 haeq
734 1053 769 1091 &
790 1051 892 1101 leges
920 1044 1030 1098 tulit,
1062 1051 1098 1089 &
1119 1049 1355 1100 pomoerium
1383 1044 1547 1099 protulit

259 1114 377 1154 urbis.
411 1114 550 1164 quibus
576 1114 689 1154 rebus
716 1127 803 1154 cum
829 1114 971 1154 imitari.
995 1111 1141 1154 Sullam
1166 1112 1380 1159 videretur,
1407 1108 1550 1160 longis-

261 1178 357 1218 {ime
390 1178 562 1217 anteibat
587 1178 814 1225 clementia,
844 1179 911 1228 qui
948 1175 1125 1216 adversus
1152 1175 1190 1215 se
1223 1187 1326 1213 arma
1357 1173 1523 1211 tulerant
1544 1200 1558 1218 ‚

262 1239 347 1290 pari
363 1250 451 1277 cum
475 1240 610 1281 ceteris
633 1241 717 1289 jure
738 1240 860 1280 {inens
881 1252 1013 1291 agere,
1030 1241 1093 1287 &,
1116 1238 1254 1290 quibus
1276 1237 1376 1276 bona
1397 1242 1553 1287 propter

268 1299 452 1340 delictum
481 1301 696 1349 ademerat,
723 1314 856 1340 eorum
891 1301 978 1340 filiis
1006 1299 1237 1340 remittendo
1274 1306 1432 1349 partem.
1475 1296 1556 1347 Igi-

266 1371 329 1402 tur
352 1362 445 1401 licet
462 1363 625 1402 arduum
642 1364 705 1410 sit,
727 1376 846 1403 unum
875 1362 1043 1413 aliquem
1070 1364 1104 1402 ἃ
1135 1361 1226 1401 belli
1251 1363 1286 1400 ὃς
1307 1359 1410 1411 pacis
1428 1356 1556 1398 excel-

264 1425 345 1467 lere
369 1424 572 1472 laudibus,
599 1436 762 1474 utroque
787 1423 945 1463 nomine
975 1423 1096 1462 clarus
1127 1422 1230 1473 apud
1253 1420 1441 1472 populum
1470 1419 1557 1459 Ro-

267 1501 429 1529 manum
460 1497 573 1538 atque
613 1487 853 1526 venerandus
894 1493 984 1526 erat.
1023 1485 1216 1534 Auxitque
1255 1482 1417 1534 gloriam
1449 1479 1557 1531 apud

266 1562 440 1599 exteros,
463 1551 623 1590 duarum
649 1548 964 1588 nobilissimarum
999 1547 1177 1595 urbium,
1205 1544 1378 1586 Corinthi
1407 1545 1442 1583 61
1467 1543 1557 1583 Car-

269 1616 437 1666 thaginis
453 1614 722 1667 ‚instauratio‚
747 1625 830 1663 quae
854 1621 942 1651 ante
958 1623 1077 1650 annos
1102 1609 1250 1649 circiter
1269 1615 1426 1647 centum
1452 1604 1561 1645 fimul

274 1678 430 1726 deletae,
447 1686 529 1716 tum
546 1676 748 1716 clementia
766 1677 801 1714 ὃς
818 1673 1043 1713 liberalitate
1069 1670 1223 1712 Caesaris
1245 1669 1540 1710 resurrexerunt.

326 1740 476 1782 XXIV.
507 1739 715 1780 Consilium
735 1739 810 1779 hoc
838 1736 975 1789 cepisse
997 1740 1036 1776 in
1055 1736 1180 1776 Africa
1202 1733 1369 1773 creditur
1384 1762 1394 1780 ,
1411 1729 1561 1769 somnio

274 1811 497 1855 permotus,
526 1816 614 1842 cum
650 1801 826 1842 adversus
855 1800 1110 1850 Pompejanos
1139 1799 1177 1837 in
1211 1795 1290 1836 solo
1324 1792 1564 1849 Carthaginis

275 1866 613 1917 castrarposuisi'et.
651 1868 839 1916 Magnum
885 1863 1096 1904 exercitum
1133 1861 1263 1900 videre
1294 1872 1361 1909 per
1394 1857 1565 1908 quietem
1632 1860 1637 1864 “

273 1932 536 1984 imaginatus,
565 1931 679 1982 seque
714 1931 806 1970 fletu
836 1931 917 1979 ejus
952 1921 1170 1979 permotum
1197 1922 1399 1974 appellari,
1429 1932 1470 1958 ut
1491 1934 1566 1971 po-

276 1994 515 2050 pulofiffimam
552 1994 635 2033 olim
672 1994 782 2031 urbem
819 1993 937 2030 iterum
965 2008 981 2031 e
1007 1989 1119 2027 ruinis
1154 1987 1341 2032 excitaret,
1372 1982 1495 2022 statim
1524 1981 1566 2020 in

280 2056 582 2096 commentarios
611 2054 765 2102 retulit,
785 2053 956 2106 mzfficrum
984 2051 1142 2091 colonias
1176 2047 1420 2100 Carthaginem
1443 2044 1477 2082 ἃ·
1501 2045 1568 2084 co-

283 2121 459 2168 rintlzum,
483 2121 592 2169 cujus
625 2131 714 2158 eum
745 2117 852 2156 simul
889 2115 1073 2155 memoria
1100 2113 1274 2153 subierat.
1307 2109 1445 2150 Coloni
1482 2106 1569 2147 sunt

285 2176 517 2226 Corinthum
548 2182 644 2223 miffi
671 2182 837 2221 libertini
865 2180 1010 2232 generis
1043 2176 1223 2229 plurimi,
1254 2171 1570 2224 Corinthiensefique

283 2248 466 2303 appellati
492 2250 528 2288 ἃ
554 2245 715 2286 Colonia
734 2245 835 2285 Iulia
862 2243 1056 2284 Corinthus.
1095 2239 1152 2280 Ab
1179 2251 1224 2277 eo
1242 2245 1414 2286 tempore
1445 2231 1569 2272 rursus

287 2322 520 2364 magnopere
540 2308 599 2348 hae
622 2307 732 2347 urbes
748 2307 992 2346 effloruerunt
1009 2317 1018 2344 :
1043 2301 1234 2362 Carthago
1251 2299 1406 2350 quidem
1428 2296 1467 2335 in
1484 2305 1565 2335 tan-

331 2446 353 2484 Ε
377 2445 486 2478 XXII.
507 2446 648 2478 Sueton.
662 2443 742 2475 Dio.
760 2441 848 2474 Plin.
867 2448 904 2482 35
918 2465 927 2480 ,
947 2437 1001 2471 26.
1024 2437 1098 2469 Cic.
1123 2435 1163 2468 ad
1179 2433 1283 2467 Attic.
1302 2443 1343 2481 *¹3
1357 2457 1366 2468 ,
1389 2440 1442 2482 33.
1467 2429 1556 2462 Plut.

286 2492 308 2533 5
333 2483 455 2522 XXlll.
479 2490 559 2525 Dio.
589 2489 661 2520 Cic.
692 2488 730 2520 ad
762 2487 866 2519 Attic.
892 2495 946 2526 13,
978 2493 1014 2523 33
1044 2482 1076 2513 δι’
1102 2491 1153 2524 35.
1185 2480 1273 2513 Plut.
1302 2488 1335 2510 in
1369 2473 1453 2511 (κεῖ.
1477 2474 1562 2509 Pau·

283 2536 356 2571 san.
390 2535 548 2570 Corinth.
568 2533 712 2567 Diodor.
733 2543 786 2576 ap.
810 2529 925 2565 vales.
950 2527 1096 2573 Appian-
