1685 3042
186 236 270 284 IN
305 233 490 281 LOC.
541 230 1117 281 LIB.CXXV1L1V.
1225 247 1314 298 323·

29 344 135 383 tione
162 341 323 393 cognitis
340 371 351 390 ,
384 340 449 390 qui
472 339 603 378 mulieri
629 337 745 390 forma
781 338 816 376 6»
840 339 977 391 ingenio
1011 341 1195 379 excellenti
1223 340 1317 379 nihil

29 406 74 444 ab
97 406 156 457 isto
185 405 368 443 timendum
397 400 649 447 asseverabat,
676 412 757 438 non
797 406 876 438 tam
906 401 954 439 ad
982 402 1222 451 purgandum
1250 403 1320 442 ob=

30 466 155 514 jecta,
185 477 298 514 quam
335 461 617 511 subjiciendum
654 458 719 498 fibi
753 460 1021 510 imperatorem
1052 463 1088 501 se
1124 476 1321 513 compara-

32 527 110 566 bat.
140 525 342 573 Tandem,
370 536 441 562 nec
470 523 536 561 nifi
564 522 737 573 plurimis
767 521 867 561 illius
898 525 933 563 ἃ
959 524 1169 565 amicorum
1203 525 1319 577 literis

32 587 176 633 accita,
193 585 352 626 Tarsum
372 585 589 636 navigavit,
612 583 679 623 ubi
704 594 785 623 tum
805 597 922 634 agens
950 588 1136 625 Antonius
1150 617 1162 633 ,
1179 588 1319 626 liberam

33 648 277 699 immunemque
310 647 484 685 civitatem
519 645 761 693 declarabat,
800 647 929 685 edicto
964 660 1115 697 quoque
1144 649 1321 698 propofi-

33 716 102 757 to,
138 710 190 747 uti
232 708 412 761 Tarsenses
447 709 540 747 cives
558 737 570 757 ‚
607 709 798 760 ubicunque
833 710 1030 762 finirent,
1062 710 1321 750 dimitterentur.

35 769 139 810 Tum
168 782 320 820 quoque
358 782 426 820 pro
463 768 648 809 tribunali
685 768 861 819 sedebat,
898 783 984 810 cum
1021 773 1166 825 adverfi)
1202 775 1325 824 Cydno

30 832 181 886 subvehi
215 833 433 884 Cleopatram
463 831 685 870 nuntiatum
715 831 793 881 est,
822 832 1025 884 tantusque
1052 833 1254 873 hominum
1278 835 1328 874 ad

39 891 285 942 spectandam
313 903 395 930 eam
420 891 623 932 concursus
656 892 752 941 fuit,
780 900 845 942 ut,
866 893 1008 944 dilapsa
1032 894 1169 934 forenfi
1193 895 1328 946 turba,

38 952 142 992 solus
167 965 253 991 cum
287 953 359 991 suis
387 954 574 993 Antonius
604 953 888 1004 relinqueretur.

112 1015 197 1055 VII.
242 1016 376 1064 Neque
399 1015 502 1053 enirn
527 1012 693 1062 vulgaris
723 1018 802 1050 erat
832 1010 988 1061 species.
1019 1012 1194 1053 Inaurato
1223 1017 1331 1055 navi-

39 1075 128 1123 gio,
146 1073 240 1111 velis
267 1076 464 1124 purpureis
494 1073 685 1124 expansis,
714 1073 948 1113 vehebatur:
979 1077 1147 1125 argentei
1167 1079 1262 1116 remi
1281 1079 1332 1119 ad

43 1135 227 1174 tibiarum
247 1144 404 1175 cantum
427 1136 702 1183 movebantur,
718 1135 850 1175 fistulis
871 1136 988 1175 etiam
1011 1139 1046 1176 &
1061 1138 1211 1178 citharis
1233 1140 1334 1180 mol-

40 1196 81 1236 le
107 1195 474 1245 interstrepentibus.
500 1195 569 1235 Illa
590 1196 658 1235 sub
682 1198 848 1236 tentorio
865 1227 875 1244 ,
898 1199 1003 1248 quod
1021 1199 1214 1240 intextum
1239 1215 1331 1242 auro

44 1265 150 1305 erat,
177 1256 391 1304 recubans,
421 1264 558 1296 ornatu
588 1256 775 1308 cultuque
799 1258 986 1297 Venerem
1019 1260 1329 1313 repraesentabat,

44 1319 279 1359 adstantibus
309 1321 487 1369 utrinque
522 1320 673 1370 pueris,
700 1320 974 1371 ventulumque
1000 1321 1231 1364 facientibus
1258 1326 1335 1367 Cu-

45 1382 226 1434 pidinum
250 1381 396 1420 habitu.
421 1382 496 1421 Sed
519 1384 555 1420 &
586 1382 732 1421 ancillae
760 1383 947 1433 praestanti
972 1383 1119 1433 forma,
1146 1390 1333 1436 quemad-

44 1445 209 1484 modum
242 1443 376 1483 Gratiae
411 1445 447 1483 &
483 1443 666 1483 Nereides
699 1445 933 1495 pinguntur,
972 1446 1138 1495 amictae,
1176 1461 1333 1500 propter

44 1505 347 1556 gubernaculum
373 1513 438 1543 aut
466 1505 648 1544 rudentes
682 1505 839 1545 stabant.
872 1509 1113 1558 Quacunque
1136 1510 1334 1553 invehere-

44 1566 134 1615 tur,
158 1570 249 1617 ripae
280 1567 475 1606 suffituum
510 1568 750 1618 odorumque
787 1569 989 1620 fragrantia
1023 1572 1328 1620 complebantur.

46 1631 168 1681 Igitur
187 1629 290 1669 velut
315 1629 508 1669 fascinatis
531 1643 604 1680 prae
626 1630 883 1671 delectatione
911 1633 1257 1681 minniza-Venerem
1283 1641 1338 1678 ad

46 1694 228 1734 ‘Bacchum
261 1707 324 1746 pro
355 1693 471 1745 fitlute
509 1694 618 1732 totius
647 1696 741 1746 Afiae
783 1695 993 1747 comzff'ztum
1025 1697 1140 1735 venire
1174 1701 1334 1747 J‘aCHta-

50 1752 159 1793 bant.
186 1752 348 1791 Invitata
380 1752 429 1791 ad
457 1764 607 1791 coenam
637 1752 684 1792 ab
717 1755 915 1803 Antonio,
945 1755 1056 1808 ipfizm
1083 1759 1204 1809 potius
1225 1763 1275 1799 ad
1291 1764 1335 1816 ft

49 1814 157 1864 §uffit
183 1816 337 1852 accedere
359 1829 369 1852 .-
406 1816 441 1853 &
468 1815 594 1864 paruit
629 1814 713 1863 ille,
738 1826 780 1854 ut
816 1829 968 1855 comem
995 1817 1031 1856 se
1059 1827 1171 1868 atque
1201 1822 1336 1863 huma-

51 1888 147 1915 num
178 1874 401 1914 ostenderet.
434 1875 549 1914 Erant
586 1883 764 1927 apparata
797 1879 925 1917 omnia
960 1879 1062 1929 regio
1098 1880 1218 1922 fastu:
1246 1885 1334 1925 vasa

53 1947 147 1974 auro
166 1934 398 1984 gemmisque
419 1934 602 1973 radiantia
617 1966 628 1983 ‚
649 1936 843 1975 nobilium
867 1938 1053 1978 artificum
1077 1954 1191 1990 opera
1207 1973 1219 1989 ‚
1242 1958 1333 1994 pur-

54 1997 182 2049 pureis
205 1997 353 2043 aulaeis,
369 2010 458 2035 auro
475 1997 658 2045 intexto,
680 1998 840 2039 obducti
860 2000 1038 2051 parietes,
1055 2002 1219 2044 triclinia
1241 2007 1334 2047 duo-

59 2057 187 2098 decim
222 2070 309 2096 cum
334 2056 457 2098 lectis.

128 2118 231 2158 VIII.
273 2120 344 2159 His
375 2121 524 2171 excepit
558 2122 843 2163 Antoniumfic
878 2125 1046 2173 amicos,
1075 2134 1265 2178 quotquot
1297 2131 1334 2170 ei

58 2181 253 2234 placuerat
276 2182 479 2220 adducere.
513 2183 587 2221 Sed
618 2184 801 2221 Antonius
827 2185 919 2222 nilzil
943 2197 1013 2224 tam
1039 2189 1233 2226 admiratus
1252 2190 1334 2242 ff,

60 2256 164 2296 quam
188 2243 359 2280 hominum
381 2242 613 2295 frequentiam
642 2245 677 2282 δ’
698 2246 949 2298 dispositionem
981 2248 1146 2287 luminum
1176 2251 1330 2301 dicitur,

59 2304 184 2344 varias
198 2304 336 2355 figuras
357 2317 483 2353 magno
505 2303 658 2353 artificio
674 2308 991 2359 repraesentantium.
1008 2308 1193 2349 Laudanti
1208 2313 1332 2363 regina:

63 2364 357 2415 magnificentiam
370 2395 381 2413 ‚
401 2364 463 2403 illa
483 2364 677 2404 subridens
691 2395 702 2414 ,
715 2368 826 2412 Haec,
845 2367 968 2420 inquit
982 2399 992 2415 ,
1008 2371 1121 2409 omnia
1137 2373 1201 2410 tibi
1221 2375 1333 2423 dunzo,

65 2425 272 2477 imperator,
294 2440 332 2464 ut
357 2441 434 2464 cras
461 2428 577 2464 iterum
600 2441 725 2466 mecum
747 2442 867 2468 coenes.
894 2430 995 2469 Tum
1017 2444 1106 2471 vero
1128 2433 1177 2472 sic
1204 2433 1336 2477 instru-

112 2540 137 2585 S
166 2541 227 2577 Vl.
258 2542 400 2588 Appian,
425 2542 514 2581 Piae
538 2543 560 2589 §
584 2543 662 2583 Vll.
681 2544 836 2583 Athena.
858 2558 901 2589 4,
928 2556 979 2582 ιι.
1014 2591 1061 2639 X

781 2619 784 2621 ’
1086 2607 1112 2639 2·
