1685 3042
248 172 346 241 3346
411 174 503 223 JO.
536 169 1067 235 FREINSHEMH
1103 158 1469 217 SUP‘PLEM:

250 282 300 321 tis
321 282 521 320 mulieribus
533 282 693 319 daturum
708 278 855 318 Parthis
869 308 880 325 ,
895 278 958 317 sua
974 277 1051 316 fide
1069 273 1325 325 spoponderat
1338 301 1349 319 ‚
1363 273 1401 323 fi
1409 302 1421 317 ,
1441 268 1535 323 deje4

250 348 304 385 elo
326 346 501 398 Hyrcano
513 374 525 393 ,
538 346 575 383 in
595 358 730 396 regnum
750 343 808 382 ille
825 342 1057 393 restitueretur.
1075 338 1195 388 Igitur
1209 337 1458 388 Barzaplzarne
1472 346 1538 384 per

253 407 496 445 mediterranea
520 393 609 444 loda
631 403 727 454 jusso
755 405 927 449 incedere,
943 401 1153 440 secundum
1168 398 1258 437 litus
1279 397 1443 435 Pacorus
1467 393 1538 432 du-

251 467 388 515 cebat‚
413 467 536 508 obiter
561 467 742 507 Sidonios
771 463 960 512 recipiens
984 464 1018 503 &
1036 460 1307 502 Ptolemaidem
1323 489 1333 506 ,
1349 456 1486 507 sponte
1500 454 1539 493 se

254 529 484 570 dedentibus
507 530 675 580 oppidis.
702 527 821 571 Inde,
846 524 1026 575 quoniam
1053 523 1132 573 ipse
1154 523 1330 561 nondum
1359 530 1541 570 perpaca-

251 593 302 630 tis
328 593 441 643 Sy'riae
477 593 588 630 rebus
620 588 854 629 attinebatur
872 616 883 633 ,
914 587 1105 636 quendam
1137 597 1183 622 ex
1206 585 1316 634 regiis
1345 581 1536 632 pincernis

254 653 321 693 fibi
360 655 659 704 cognominem,
685 649 868 690 attributa
885 660 1010 696 ,manu
1033 647 1228 696 equiturn,
1257 645 1356 683 milit
1393 644 1538 694 specu-

252 716 375 759 latum
409 727 465 753 res
491 713 690 761 Judaicas,
719 709 828 749 fimul
854 700 993 754 abxilio
1019 707 1169 745 futurus
1203 705 1418 755 Antigono,
1444 714 1536 742 cum

256 771 405 815 occasio
422 775 595 815 affuisset.
619 774 688 813 His
701 803 712 820 ,
735 773 774 810 in
799 779 931 809 monte
951 768 1129 808 Casmelo
1146 767 1288 817 praedas
1306 764 1511 816 agentibus
1526 792 1540 811 ‚

255 837 408 877 acceffit
443 849 583 886 magna
621 835 845 883 Judaeorum
878 830 1117 878 multitud03
1142 831 1192 868 ita
1226 834 1273 867 ut'
1293 830 1404 877 juxta
1438 826 1543 875 Dry-

256 911 367 938 mum
399 904 642 937 occurrentes
671 895 736 934 fibi
768 893 892 933 hostes
923 894 1095 932 vinceret
1126 890 1361 939 Antigonus,
1388 889 1424 927 &
1453 898 1546 926 cum.

256 959 495 1011 fugientibus
537 955 845 1007 Hierosolymam
888 962 1111 1005 penetraret.
1146 952 1191 993 In
1230 949 1350 1001 ipsam
1388 958 1542 999 quoque

260 1024 399 1064 urbem
423 1022 636 1061 introituris
651 1050 662 1068 ,
687 1022 721 1059 ἃ
748 1018 1042 1069 aggregantibus
1063 1016 1160 1063 sese,
1182 1017 1246 1065 qui
1272 1012 1447 1053 faetionis
1469 1012 1546 1049 An-

259 1086 386 1136 tigoni
413 1084 510 1124 olim
538 1083 718 1129 fuerant,
745 1082 848 1131 regia
872 1080 1001 1130 petita.
1027 1079 1102 1118 Sed
1127 1077 1282 1118 Herode
1312 1077 1347 1115 St
1365 1072 1546 1114 Phasaelo

259 1160 419 1197 magnas
456 1154 590 1185 contra
632 1143 764 1194 copias
800 1139 1077 1186 educentibus,
1106 1139 1145 1177 in
1169 1138 1248 1189 ipso
1282 1138 1367 1175 foro
1394 1147 1548 1185 pugna-

259 1217 369 1259 tum3
395 1207 624 1260 repulfisque
651 1206 691 1244 in
728 1203 916 1254 templum
944 1200 1186 1247 adversariis,
1225 1199 1344 1238 victor
1372 1196 1547 1236 Herodes

259 1270 367 1313 viros
390 1272 583 1322 sexaginta
620 1270 660 1308 in
691 1266 875 1318 proximis
907 1264 1077 1308 aedificiis
1096 1294 1107 1311 ,
1139 1263 1187 1302 ad
1214 1261 1454 1313 prohibenda
1483 1258 1551 1297 su-

261 1334 345 1375 bita
361 1334 633 1384 eruptionum,
667 1328 886 1367 collocavit.
914 1328 962 1365 At
989 1325 1028 1363 hi
1054 1338 1075 1363 a
1102 1323 1271 1374 populo,
1299 1320 1475 1361 fratribus
1495 1319 1552 1358 in-

262 1396 505 1444 fenso,cum
533 1393 619 1444 ipfis
648 1392 827 1430 domibus
855 1388 1009 1427 cremati
1037 1387 1144 1427 sunt:
1175 1385 1412 1434 vicissimque
1442 1382 1554 1422 multi

266 1461 316 1500 de
353 1457 499 1509 populo
521 1487 532 1504 ,
569 1454 803 1506 quotidianis
842 1452 881 1490 in
922 1450 1016 1489 urbe
1056 1448 1226 1500 proeliis,
1268 1448 1307 1486 in
1342 1447 1554 1487 vindictam

263 1522 403 1565 horum
435 1518 643 1559 interemti.
995 1509 999 1513 ⁴

334 1591 443 1632 XIII.
475 1590 574 1629 Cum
605 1586 746 1628 deinde
781 1581 1003 1625 Pentecoste
1040 1579 1223 1626 venisset,
1253 1578 1363 1618 multi
1394 1589 1441 1616 ex
1468 1584 1552 1616 tota

266 1655 398 1705 Judaea
435 1658 696 1691 convenerunt
729 1647 863 1686 armati
896 1645 1041 1684 ferme:
1079 1640 1256 1682 phasaelo
1293 1642 1329 1680 δε
1369 1638 1551 1686 Herode,

270 1730 360 1757 cum
388 1713 556 1764 praelidio
581 1725 661 1751 non
684 1712 744 1749 itav
763 1720 904 1758 magno
931 1705 1073 1756 regiam
1098 1702 1411 1743 custodientibus.
1427 1700 1557 1740 Erum-

270 1791 362 1831 pere
388 1788 518 1815 tamen
545 1773 655 1813 ausus
674 1771 870 1818 Herodes,
898 1781 988 1806 cum
1017 1765 1143 1805 multis
1161 1764 1387 1810 hominum,
1411 1762 1475 1801 sed
1499 1763 1557 1800 in-

272 1842 551 1886 conditorum,
584 1835 754 1876 millibus
794 1834 844 1872 ita
874 1830 1076 1877 conflixit,
1109 1835 1176 1874 ut,
1200 1828 1406 1875 adjuvante
1441 1825 1559 1866 etiam

273 1901 480 1947 Phasaelo‚
510 1899 639 1938 multis
671 1895 911 1940 desideratis,
943 1904 1026 1942 pars
1057 1891 1097 1929 in
1121 1889 1278 1934 urbem,
1309 1887 1370 1925 alii
1401 1887 1442 1925 in
1462 1897 1561 1924 tem-

277 1965 415 2018 plum,
441 1959 619 2001 nonnulli
646 1959 762 1998 etiam
786 1957 825 1995 in
850 1954 1017 2000 vallum,
1041 1952 1144 2003 quod
1168 1961 1271 1990 extra
1300 1949 1433 1989 urbem
1456 1956 1560 1995 erat,

277 2025 611 2077 compellerentur.
642 2021 742 2061 Inter
768 2019 850 2058 haec
882 2025 1016 2067 rogatu
1039 2015 1241 2066 Antigoni,
1274 2013 1436 2053 Pacorus
1457 2010 1562 2055 dux,

280 2101 368 2128 cum
403 2084 620 2137 quingentis
645 2081 836 2133 equitibus
873 2077 1178 2128 Hierosolymam
1207 2074 1409 2126 ingreffus,
1437 2072 1563 2123 specie

278 2148 638 2201 componendorum
663 2156 866 2190 motuum,
895 2142 1043 2180 infidias
1062 2142 1238 2191 Hyrcano
1269 2138 1431 2177 struebat
1449 2149 1457 2174 :
1473 2134 1563 2174 effe-

282 2214 433 2262 citque,
451 2220 518 2257 ut,
542 2209 704 2248 assumto
734 2204 932 2252 phasaelo,
957 2204 1004 2241 ad
1024 2201 1326 2251 Barzapharnem
1352 2195 1565 2248 proficisce-

282 2286 407 2315 retur:
435 2274 574 2325 eosque
601 2271 760 2311 deduxit
785 2268 889 2319 ipse,
914 2266 1052 2306 relictis
1073 2265 1174 2315 apud
1202 2262 1395 2303 Herodem
1422 2260 1565 2298 dueen-

282 2340 332 2379 tis
359 2336 548 2389 equitibus
565 2365 577 2384 ,
601 2336 637 2375 &
659 2340 838 2385 praeterea
872 2331 1007 2370 decem
1034 2340 1079 2367 ex
1101 2328 1354 2378 ingenuorum
1384 2333 1565 2361 numero,

330 2481 354 2526 5
382 2481 458 2516 x11.
482 2478 662 2525 Hegefipp.
690 2488 728 2518 1,
753 2485 807 2519 29.
833 2473 971 2519 ioseph.
993 2470 1100 2516 antiq.
1120 2467 1196 2503 Jud.
1225 2453 1258 2498 sc
1280 2465 1318 2498 de
1343 2463 1378 2495 Β.
1401 2460 1477 2494 Jud.
