1685 3042
282 205 380 254 ¹322
447 170 1468 235 JO.FRE1NSHEM115UPPLEM.

286 293 397 335 bium
420 292 613 344 exigendo
638 291 780 332 tributo
804 291 1023 343 praeposuit,
1049 289 1232 329 militibus
1258 290 1306 329 ad
1334 288 1438 329 hunc
1454 286 1564 328 usum

288 358 395 398 datis.
425 356 636 396 Plurimum
666 355 767 394 enim
801 354 891 393 huic
927 354 1054 404 generi
1082 352 1284 391 hominum
1314 349 1563 401 indulgebat:

287 421 323 459 ἂ
346 417 536 469 quidquid
562 415 783 455 deliciarum
820 414 897 454 ullo
928 415 1246 454 machinamento
1271 411 1563 462 corrumpendis

283 479 456 519 moribus
483 486 615 517 natum
646 477 767 517 videri
800 483 971 527 poterat,
1003 475 1141 516 affeetu
1173 477 1346 515 maximo
1386 471 1565 524 comple-

283 541 541 652 stessgfssgrgo
579 602 614 640 ἃ
639 598 794 640 Xuthus
810 568 1026 637 ‘choraules
1043 627 1053 644 ,
1087 599 1121 637 8<
1145 597 1275 636 histrio
1313 596 1559 658 Metrodprus

279 668 362 715 ejus
392 665 558 704 amicitia
584 660 777 700 nobilitati
810 659 921 708 sunt3
951 661 985 699 ἃ
1017 671 1161 708 coquus
1186 659 1237 697 ob
1269 671 1383 697 unam
1407 670 1560 697 coenam

278 728 374 768 scite
393 736 562 777 paratam
587 723 688 763 bona
717 722 810 761 civis
843 720 1038 769 cujusdam
1066 720 1258 770 Magnetis
1286 721 1444 770 accepit.
1465 721 1562 760 Lau-

280 790 512 831 dabiliorem
548 784 670 825 multo
703 783 972 824 liberalitatem
1009 795 1098 821 mox
1134 781 1324 821 obeundis
1355 781 1562 831 provinciis

278 849 478 896 exercuit,
500 848 540 888 L.
570 845 736 886 Caffium
771 844 1009 894 imperatoris
1045 843 1222 889 fratrem,
1254 843 1290 881 ὃς
1315 841 1408 880 alios
1431 853 1562 879 earun-

278 913 368 951 dem
394 909 585 960 partium,
606 905 786 956 exemplo
816 905 1050 951 clementiae,
1067 903 1172 954 quod
1195 902 1330 953 Ephesi
1359 902 1559 949 ediderat,

277 976 433 1015 veniam
463 981 592 1022 petere
622 969 732 1009 ausos
755 967 953 1008 absolvens
970 997 981 1014 ,
1009 969 1044 1006 δι
1065 966 1262 1005 civitatum
1278 995 1289 1013 ‚
1310 977 1391 1015 quae
1414 964 1563 1003 afflictae

275 1037 432 1076 fuerant
468 1033 516 1072 ab
555 1031 772 1072 adversariis
793 1061 804 1078 ‚
839 1029 1098 1068 calamitatem
1138 1027 1351 1067 sublevans.
1390 1028 1492 1067 Nam
1525 1027 1562 1065 δε

277 1097 412 1147 Lycios
436 1095 602 1132 immunes
627 1093 688 1144 effe
703 1122 714 1140 ,
741 1093 987 1143 Xanthumque
1011 1091 1197 1142 instaurare
1226 1087 1356 1137 juffit:
1387 1089 1422 1127 &
1453 1085 1562 1127 Rho-

277 1158 353 1197 diis
369 1157 539 1196 Andrum
567 1155 699 1201 dedit,
723 1153 952 1202 Tenumque
975 1164 1065 1190 cum
1090 1152 1199 1191 Naxo
1220 1151 1255 1189 ἃ
1278 1150 1452 1201 Myndo,
1467 1161 1561 1199 quas

273 1228 407 1261 tamen
431 1216 545 1270 paulo
571 1217 652 1268 post
679 1217 816 1255 iterum
845 1215 1015 1261 ademit,
1032 1212 1132 1262 quafi
1157 1214 1278 1251 durius
1298 1211 1560 1264 imperantibus.

342 1285 387 1323 V.
417 1282 617 1323 Tranliens
649 1279 790 1319 deinde
818 1291 883 1328 per
919 1276 1118 1328 Phrygiam
1152 1275 1412 1326 Myfiamque,
1435 1276 1474 1314 ’δι
1497 1274 1562 1312 tri-

274 1347 380 1388 butis
406 1345 549 1394 ubique
583 1343 758 1394 gravibus
783 1340 993 1391 impositis,
1019 1340 1057 1377 in
1080 1337 1298 1388 Bithyniam
1327 1336 1450 1384 venit,
1479 1349 1562 1386 pro-

273 1409 478 1458 vinciaque
506 1406 552 1445 ab
581 1404 742 1455 Apulejo
762 1434 772 1452 ,
802 1415 917 1452 quem
948 1401 1086 1440 Brutus
1116 1400 1356 1449 praefecerat,
1384 1406 1557 1447 accepta,

273 1470 403 1521 ipsum
435 1467 576 1507 exemit
601 1465 744 1515 culpae,
776 1464 1020 1512 reditumque
1049 1460 1241 1501 concellit.
1276 1461 1454 1511 Hyrcano
1485 1459 1560 1507 Ju-

274 1534 448 1573 daeorum
483 1528 667 1580 principi,
691 1526 757 1565 suo
782 1527 817 1565 ἃ
847 1524 968 1575 gentis
1000 1524 1158 1563 nomine.
1189 1534 1370 1562 coronam
1403 1535 1558 1562 auream

273 1592 468 1639 mittenti,
498 1592 718 1639 orantique,
740 1600 778 1626 ut
807 1602 829 1624 a
863 1585 972 1636 Caffio
996 1585 1089 1638 capti
1113 1585 1281 1636 servitute
1305 1585 1558 1633 eximerentur,

274 1655 486 1696 clementer
515 1650 733 1701 respondit,
764 1648 862 1687 datis
895 1647 1010 1686 etiam
1038 1646 1085 1685 ad
1114 1645 1250 1696 Tyrios
1285 1644 1558 1695 Sidoniosque‚

276 1720 314 1758 St
339 1713 626 1759 Antiochenos,
655 1714 689 1751 Sc
712 1710 867 1751 Aradios
895 1707 1011 1747 literis
1027 1737 1038 1755 ,
1067 1721 1106 1746 ut
1135 1707 1256 1745 ablata
1282 1707 1416 1746 Judae.·'s
1445 1720 1560 1759 corpo-

271 1795 336 1827 ra,
364 1781 474 1825 bona,
500 1778 575 1815 loca
602 1775 853 1828 restitueremur.
881 1771 975 1811 Inde
1006 1769 1261 1820 Gallograecos
1292 1770 1327 1808 ἃ
1355 1768 1558 1819 Cappado-

274 1856 338 1882 cas
359 1843 477 1887 adiit,
507 1839 648 1879 Planco
678 1836 910 1876 demandata
945 1834 1034 1874 Afiae
1063 1845 1175 1879 cura,
1206 1831 1386 1882 pecunias
1414 1830 1557 1882 ubique

277 1917 434 1955 cogens.
461 1904 499 1940 in
521 1899 764 1951 Cappadocia
787 1899 821 1938 ἃ
837 1894 988 1936 causam
1010 1896 1191 1946 cognovit
1220 1893 1423 1933 Ariarathis
1442 1895 1476 1932 ἃ
1493 1895 1558 1933 Ar-

275 1966 400 2007 chelai
420 1965 604 2011 Sisennae,
623 1964 670 2002 de
691 1975 806 2012 regno
829 1960 1168 2007 contendentium3
1193 1959 1227 1998 ἃ
1245 1957 1328 2008 plus
1348 1958 1447 2007 apud
1465 1970 1555 1997 eum

274 2027 484 2070 Archelaus
515 2025 660 2071 valuit,
698 2023 899 2073 Glaphyrae
937 2021 1064 2060 matris
1092 2020 1243 2069 adjutus
1270 2019 1410 2069 gratia,
1438 2031 1556 2068 quam

272 2087 483 2129 formosam
509 2089 543 2127 ὃς
567 2099 701 2136 parum
726 2087 910 2137 pudicam
939 2083 1123 2123 Antonius
1146 2080 1363 2120 adamabat.
1394 2080 1493 2120 Hinc
1512 2082 1553 2119 in

275 2152 452 2192 Ciliciam
486 2149 750 2199 transgreffus,
781 2147 888 2186 misso
922 2146 972 2185 ad
1002 2145 1239 2195 Cleopatram
1270 2142 1416 2189 Demo,
1443 2143 1553 2194 adeffi:

271 2215 422 2265 reginam
452 2222 634 2261 tanquam
658 2211 706 2249 ad
734 2208 884 2251 causam
917 2207 1118 2247 dicendam
1141 2203 1264 2255 J'uffit:
1292 2202 1420 2242 faviffe
1449 2204 1553 2243 enim

275 2275 399 2316 Caffio
426 2272 719 2313 insimulabatur.

329 2337 393 2377 Vl.
422 2337 468 2375 At
504 2334 589 2382 illa,
621 2332 793 2372 moribus
820 2330 976 2372 Antonii
1002 2342 1048 2369 ex
1074 2329 1176 2369 fama
1204 2330 1238 2368 δε
1268 2326 1381 2368 Dellii
1405 2326 1552 2377 exposi-

328 2455 349 2497 ξ
375 2455 432 2487 111.
463 2455 571 2486 Strab.
597 2454 620 2485 l.
650 2463 699 2488 14.
730 2451 873 2493 Appian.
903 2447 998 2481 Arist.
1024 2449 1123 2492 polit.
1147 2457 1186 2488 2,
1209 2455 1229 2485 9
1257 2445 1290 2478 δε
1312 2457 1349 2486 ς,
1375 2455 1422 2476 ιι.
1443 2443 1464 2487 §
1489 2441 1552 2476 lv.

284 2498 375 2534 Plut.
400 2499 545 2543 Appiam.
569 2499 590 2544 §
614 2497 656 2532 V.
680 2495 816 2540 loseph.
834 2494 940 2537 antiq.
961 2491 1036 2526 Jud.
1056 2505 1116 2535 14,
1132 2501 1184 2525 22.
1206 2490 1287 2524 Dio.
1305 2488 1447 2534 Appian.
1464 2487 1552 2521 mut,

1651 2091 1673 2879 l

1647 2896 1673 3042 l
