1685 3042
250 196 332 243 IN
369 196 542 243 LOC.
586 196 725 242 LIB.
758 196 983 246 CXXVII
1024 201 1175 249 L1v.
1276 214 1368 268 349

86 302 190 341 mine
220 302 457 342 Brundisium
484 301 739 343 obtinebant:
778 315 829 341 eae
862 312 991 353 portas
1027 306 1238 347 clauserunt
1267 297 1364 349 utri-

85 373 183 411 que,
206 362 418 402 Domitium
435 393 446 411 ,
470 372 512 401 ut
535 371 702 400 veterem
727 362 896 411 hostem,
922 367 1151 417 Antonium,
1175 380 1216 408 ut
1241 369 1367 411 hostes

85 421 171 461 suos
200 424 481 469 adducentem,
513 422 684 462 aversati.

138 493 262 533 XVII.
301 494 388 533 Hoc
425 492 491 531 ille
525 502 626 532 ratus
659 493 810 534 Caesaris
837 494 1036 535 voluntate
1064 497 1232 547 factum,
1259 499 1366 540 obse·

81 555 140 594 dit
159 554 292 593 urbem
309 585 320 600 ,
347 558 386 592 in
410 553 558 604 lingua,
581 567 647 605 per
662 569 777 606 quam
796 558 1009 596 continenti
1035 561 1274 607 anmfflrur,
1290 561 1366 600 fos.

83 614 161 653 sam
184 627 412 665 murumque
442 615 612 656 molitus.
639 620 674 656 &
694 630 743 656 ne
764 619 856 655 mari
881 618 1022 658 auxilia
1046 620 1364 671 immitterentur„

82 677 215 716 crebra
251 678 397 716 circum
431 688 584 728 portum
613 680 648 717 Ec
670 680 905 729 propinquas
931 680 1070 719 insulas
1095 681 1242 720 castella
1269 684 1370 721 exci-

81 740 186 778 tavit.
235 740 312 802 Sed
350 742 385 779 &
418 749 636 789 opportuna
672 741 711 778 in
748 739 858 779 litore
894 741 980 780 loca
1017 742 1192 792 praefidiis
1234 746 1364 794 cepit,

81 802 318 853 Sextumque
356 803 581 842 adhortatus
607 803 684 849 est,
716 815 754 842 ut
786 804 1037 855 expeditionem
1057 804 1192 854 faceret
1224 807 1262 844 in
1291 809 1366 844 Ira..

77 864 174 902 liam.
202 864 297 910 llle,
321 862 469 914 gavisus
500 864 722 912 occasione,
751 864 1013 903 Menodorum
1035 875 1124 902 curn
1149 862 1365 914 legionibus

80 936 244 973 quatuor
284 927 318 963 <Sc
363 938 501 975 magna
539 925 651 963 claffe
692 926 731 963 in
763 925 976 964 Sardiniam
1013 926 1112 962 milit
1150 938 1160 964 ε
1203 926 1364 975 duaeque

77 984 250 1035 legiones
271 985 444 1034 Caesaris,
468 999 551 1036 quae
578 986 739 1025 insulam
764 986 1047 1031 custodiebant,
1078 986 1365 1027 consensionem

76 1046 236 1085 Antonii
266 1059 355 1084 cum
389 1046 573 1094 Pompejo
601 1046 794 1093 reveritae,
819 1047 858 1084 in
887 1058 1010 1099 partes
1035 1048 1267 1091 transierunt.
1303 1051 1367 1089 ln·-

79 1109 192 1145 terim
224 1107 425 1156 Sipuntum
456 1107 505 1144 ad
536 1106 741 1145 Ausonium
772 1121 874 1146 mare
903 1111 1089 1149 Antonius
1120 1114 1234 1161 cepit.
1273 1113 1365 1152 Sex-

78 1174 160 1214 tus,
189 1169 222 1206 &
249 1167 328 1218 ipse
353 1167 593 1217 transgressus
617 1169 655 1205 in
674 1167 844 1215 ltaliam,
866 1169 1111 1209 Consentiam
1131 1171 1306 1219 obsedit,
1325 1173 1362 1211 &

76 1227 255 1268 Thurios.
286 1228 427 1275 Caesar,
453 1228 510 1267 his
533 1229 670 1268 auditis
685 1258 696 1276 ,
715 1229 750 1270 P.
773 1229 972 1269 Servilium
996 1229 1148 1269 Rullum
1167 1232 1220 1269 ire
1242 1231 1363 1270 Brun·

78 1291 212 1329 difium
240 1290 368 1339 jussit,
406 1291 461 1330 m.
489 1292 694 1341 Agrippam
720 1292 758 1328 in
783 1291 1012 1338 Ausoniam,
1044 1302 1086 1330 ut
1114 1292 1265 1332 obseffis
1298 1307 1362 1332 au.

77 1351 311 1391 xiliarentur.
351 1353 425 1391 Sed
455 1353 545 1389 novi
577 1351 728 1398 coloni,
756 1354 823 1400 qui
858 1352 966 1390 velut
998 1353 1174 1393 adversus
1199 1355 1362 1405 Pompe.

74 1415 158 1463 jum
192 1413 442 1463 sequebantur
476 1414 682 1463 Agrippam
704 1444 714 1461 ,
753 1413 817 1452 ubi
856 1415 946 1453 duci
985 1426 1116 1454 contra
1151 1416 1358 1458 Antonium

74 1473 290 1522 senserunt,
329 1475 428 1512 clam
458 1485 692 1513 reverterunt
728 1475 882 1514 domos.

128 1546 271 1585 XVllI.
300 1546 415 1595 Igitur
443 1545 562 1584 Caesar
585 1544 664 1595 ipse
691 1546 910 1596 profecffus,
940 1545 1134 1586 blanditiis
1166 1549 1201 1587 δι
1227 1551 1358 1588 aueto-

73 1607 185 1645 ritate
209 1607 395 1656 pervicit,
420 1615 462 1644 ut
493 1605 762 1656 sequerentur3
794 1607 979 1658 ibantque
1009 1609 1087 1657 illi,
1115 1622 1154 1648 re
1179 1609 1229 1649 fic
1256 1612 1356 1650 inter

73 1668 113 1708 se
143 1669 360 1708 clanculum
394 1669 605 1718 composita
625 1700 636 1718 ,
667 1683 704 1708 ut
738 1671 774 1708 ἰιι
801 1673 953 1724 graciam
992 1674 1182 1711 reducerem
1209 1674 1355 1725 impera.

72 1745 163 1771 tores
186 1747 196 1770 .·
219 1735 276 1783 fin
303 1746 366 1782 per
391 1732 588 1770 Antonium
612 1733 774 1785 ρ[ἱέ-ιιᾘει,
797 1747 862 1785 quo
891 1734 1007 1771 minus
1036 1735 1266 1773 reconciliatio
1286 1735 1354 1786 fie-

70 1807 143 1842 ret,
166 1806 236 1832 tum
257 1794 313 1832 illi
343 1793 547 1845 dignitatem
577 1795 721 1846 Caesaris
737 1795 872 1846 summa
896 1810 958 1847 ope
981 1807 1161 1835 tuerentur.
1187 1797 1262 1835 Sed
1288 1809 1353 1836 va-

70 1857 203 1897 letudo
238 1856 389 1896 Caesaris
416 1870 503 1896 eum
530 1870 597 1907 per
626 1857 771 1908 aliquot
808 1859 887 1898 dies
914 1858 1063 1898 Canufii
1091 1859 1279 1908 detinuit,
1307 1870 1350 1902 ut

69 1919 150 1968 jam
178 1920 460 1969 propemodum
485 1919 566 1958 sero
590 1919 824 1959 Brundisium
852 1921 1074 1966 accederet,
1104 1920 1251 1971 septum
1280 1935 1350 1960 un-

71 1981 186 2030 dique
220 1981 492 2020 munitionibus
529 1982 774 2029 Antonianis,
807 1983 843 2022 &
873 1981 940 2021 fibi
974 1983 1213 2022 inacceffum.
1261 1984 1349 2023 Erat

68 2049 200 2082 tamen
227 2056 384 2082 numero
406 2043 599 2095 legionum
627 2043 803 2094 superior.
836 2044 986 2083 Idcirco
1005 2046 1188 2084 Antonius
1216 2058 1236 2084 e
1266 2046 1349 2086 Ma·

70 2107 231 2145 cedonia
258 2106 460 2146 arcessebat
487 2106 597 2145 suas:
626 2108 686 2154 &,
711 2116 754 2144 ut
780 2107 920 2145 interea
951 2108 1131 2157 opinione
1158 2110 1349 2157 majorum

69 2169 208 2207 virium
243 2168 426 2208 Caesarem
456 2168 656 2217 eluderet,
691 2181 881 2218 paganam
912 2169 1198 2208 multitudinem
1229 2172 1346 2209 noc‘tu

68 2228 194 2280 longis
230 2230 472 2280 rotundisque
505 2230 662 2272 navibus
707 2231 944 2276 amandans,
979 2244 1060 2281 quae
1094 2232 1179 2270 luce
1217 2231 1347 2281 palam

69 2298 212 2330 armata
235 2302 503 2337 reverteretur,
533 2291 698 2341 speeiem
718 2294 956 2331 venientium
981 2304 1002 2330 e
1022 2294 1253 2332 Macedonia
1275 2293 1346 2330 mi·

69 2352 178 2392 litum
210 2354 428 2395 adversariis
458 2355 676 2405 objiciebat.
719 2355 806 2404 jam
842 2357 957 2395 etiam
990 2367 1127 2406 paratae
1156 2356 1346 2396 machinae

115 2485 139 2530 S
162 2486 254 2523 XVI.
271 2487 410 2523 Cluver.
430 2487 505 2523 Ital.
526 2487 632 2532 antiq.
657 2499 694 2532 3,
713 2502 745 2532 4.
760 2488 904 2533 Appian.
929 2487 950 2534 §
972 2488 1083 2526 XVII.
1105 2487 1184 2522 Dio.
1198 2488 1346 2534 Appian,
