1685 3042
244 197 335 257 196
403 182 1447 278 JO.JFRE1NSHEMllsUPPLEM.

240 308 342 342 runt.
375 300 546 340 Primum
581 297 630 338 ad
651 295 835 337 Caesarem
857 295 921 334 sex
948 292 1176 332 tranfierunt
1202 292 1370 332 tironum
1404 292 1529 342 vlegio„

241 376 311 402 nes
346 375 434 402 cum
454 361 603 401 auxiliis
634 351 727 398 suis:
766 358 901 408 reliqui
929 369 1023 396 mox
1056 368 1191 395 omnes
1215 356 1263 394 ad
1289 355 1524 401 Antonium„

240 423 331 463 solis
372 421 685 475 permanentibus
722 419 837 460 Gallis
877 418 1095 469 equitibus,
1142 417 1280 468 quibus
1318 417 1529 456 custodiam

243 486 415 536 corporis
436 484 492 523 sui
518 482 746 522 crediderat.

302 546 409 588 XIII.
451 546 549 586 Cum
571 545 630 583 his
655 556 723 594 per
750 537 938 588 Salaffos'ss
967 548 1071 580 emto
1095 537 1271 586 transitu,
1302 537 1528 588 singulisque

242 611 285 650 in
312 610 438 660 capita
460 607 622 648 denariis
654 606 777 653 datis,
809 604 1027 654 penetravit
1063 603 1105 641 in
1131 601 1295 642 Galliam
1314 632 1324 651 ,
1358 598 1533 640 dimiffis-

243 684 319 722 que
341 674 375 711 <Sc
397 670 576 714 donatis,
592 667 657 717 qui
682 667 844 705 domurn
862 663 999 703 reverti
1018 662 1255 709 maluerant,
1279 675 1368 701 curn
1390 662 1535 712 equiti-

235 734 316 782 *bus
339 734 498 773 omnino
521 729 699 770 trecentis
727 728 774 767 ad
796 727 975 767 Rhenum
997 725 1117 765 venit.
1137 724 1197 764 Ibi
1220 737 1310 764 vero
1324 755 1338 772 ‚
1366 726 1460 763 dum
1482 725 1534 763 ad

245 795 444 842 difficilem
475 793 700 844 plerumque
728 789 889 841 periculi
918 788 1117 828 transitum
1147 788 1372 833 cunctatur,
1404 785 1535 835 paula-

242 861 316 906 tim
340 858 529 904 desertus,
547 857 682 895 decern
703 853 974 893 tantummodo
999 851 1160 891 comites
1187 850 1357 898 retinuit.
1379 848 1531 888 Idcirco

242 920 320 960 hac
345 920 424 971 ipsa
455 918 646 970 paucitate
675 916 781 967 spem
803 916 919 956 dante
944 913 1130 961 fallendi,
1156 911 1283 952 rursus
1317 909 1537 961 Aquilejam

243 992 377 1035 petere
410 979 627 1028 constituit,
660 978 809 1019 Gallico
841 976 1161 1026 habituvsumt03
1197 988 1289 1015 nam
1323 976 1360 1015 Sc
1395 973 1537 1025 linguae

244 1058 328 1085 non
352 1045 503 1095 ignarus
531 1049 623 1080 erat.

315 1108 421 1148 XIV.
451 1107 515 1146 Sic
542 1105 751 1149 oberrans,
778 1113 867 1139 cum
901 1107 1035 1151 captus
1061 1112 1082 1139 a
1109 1096 1325 1138 latronibus
1351 1097 1559 1147 Sequanis—

250 1169 473 1221 vinctusque
509 1167 625 1215 effet3
648 1165 751 1219 cujus
779 1164 856 1216 effi
881 1180 919 1203 ea
951 1164 1067 1211 ditio,
1092 1161 1347 1211 interrogavit.
1386 1160 1460 1201 Ubi
1482 1172 1541 1199 re-

247 1232 430 1284 sponsum
447 1230 518 1276 est,
543 1228 682 1277 Camilli
703 1226 765 1278 effe
778 1241 794 1274 ;
819 1226 900 1263 duci
919 1227 968 1263 ad
989 1239 1062 1263 eum
1075 1254 1087 1271 ,
1105 1222 1308 1274 postulavit
1328 1252 1339 1270 ‚
1356 1221 1461 1272 quod
1475 1220 1539 1260 sua

251 1295 427 1345 quaedam
463 1288 649 1332 beneficia
672 1288 858 1329 Camillus
883 1287 1064 1326 habebat.
1103 1286 1178 1327 Sed
1205 1284 1293 1332 ille,
1313 1283 1441 1334 palam
1469 1282 1538 1321 ob-

251 1359 409 1407 jurgans
431 1355 542 1402 suos,
575 1353 634 1406 qui
657 1367 720 1405 per
743 1351 980 1404 ignorantiam
1009 1351 1046 1387 in
1071 1361 1206 1387 tantum
1235 1347 1348 1385 virum
1379 1344 1543 1398 injurios&

248 1417 502 1473 peccaviffimt,
532 1415 629 1453 clam
659 1414 815 1451 nuntios
842 1411 891 1450 ad
913 1410 1124 1450 Antonium
1148 1407 1257 1447 mifit.
1285 1406 1351 1446 ille
1379 1417 1542 1456 propere

250 1481 410 1522 furium
436 1478 628 1528 quendam
661 1487 751 1513 cum
774 1473 965 1524 equitibus
989 1472 1040 1511 ire
1064 1470 1191 1520 juffit:
1223 1483 1244 1509 a
1275 1482 1350 1519 quo
1376 1467 1542 1507 trucida-

251 1552 315 1583 tus
336 1542 388 1581 est
407 1542 556 1582 Brutus.
587 1539 710 1588 Caput
731 1537 779 1576 ad
806 1536 843 1575 se
866 1534 1035 1575 delatum
1056 1533 1220 1584 inspexit
1241 1532 1428 1572 Antonius
1444 1560 1455 1576 ,
1484 1529 1540 1568 se·

253 1604 441 1656 pelirique
465 1600 581 1652 juffit.
614 1600 698 1640 Nec
726 1597 968 1638 obliteranda
999 1597 1164 1634 duorum
1193 1594 1405 1632 amicorum
1435 1591 1541 1631 Bruti

255 1665 461 1713 memoria,
492 1675 655 1715 quorum
682 1661 775 1700 alter
806 1660 843 1698 iu
873 1660 1035 1710 gratiam
1059 1660 1141 1707 ejus
1173 1656 1238 1696 fibi
1265 1655 1452 1695 conscivit
1476 1667 1542 1693 ne-

257 1741 369 1776 cem3
394 1727 613 1774 alter,cum
638 1722 735 1761 mori
753 1734 820 1772 pro
847 1733 894 1759 eo
918 1728 1098 1770 cuperet,
1125 1719 1265 1757 invitus
1292 1716 1513 1767 supervixit.

311 1791 397 1831 XV.
427 1789 600 1829 Territus
624 1786 796 1836 equitum
823 1784 990 1822 adventu
1014 1782 1149 1821 Brutus
1172 1781 1212 1818 in
1230 1779 1393 1818 latebras
1416 1777 1452 1816 se
1478 1777 1544 1816 ab-

258 1853 421 1892 diderat.
454 1851 532 1889 Has
556 1848 620 1887 ubi
644 1854 867 1898 repererunt
887 1844 1120 1891 Antoniani,
1142 1842 1228 1882 Sex,
1248 1840 1452 1881 Terentius
1474 1839 1547 1877 ob-

255 1913 345 1954 tulit
363 1913 399 1951 se
418 1909 740 1960 irrumpentibus,
758 1908 918 1947 Brutum
937 1905 1137 1953 simulans,
1163 1916 1207 1942 ac
1236 1902 1466 1941 obscuritate
1487 1899 1546 1939 lo-

258 1978 295 2016 ci
330 1976 479 2026 sperans
506 1974 650 2014 fallere.
687 1971 764 2011 Sed
794 1971 944 2021 agnitus
971 1982 992 2008 a
1024 1967 1160 2013 Furio,
1199 1963 1439 2012 servatusque
1472 1962 1535 2000 elt.

255 2041 416 2081 Brutum
431 2070 443 2086 ‚
459 2036 563 2076 casus
589 2035 675 2075 suos
697 2032 966 2083 deplorantem
984 2060 996 2078 ,
1012 2033 1048 2070 ok.
1071 2029 1174 2067 inani
1194 2024 1431 2075 subterfugio
1457 2022 1545 2061 sub-

255 2101 473 2141 trahentem
503 2097 631 2149 gladio
657 2097 874 2142 cervicem,
917 2092 1074 2138 Heluius
1095 2087 1227 2130 'Blasio
1258 2088 1306 2127 ad
1343 2087 1542 2125 ferendam

257 2163 408 2202 fortiter
434 2168 624 2205 mortem,
653 2169 732 2196 non
763 2167 856 2194 voce
883 2161 1060 2200 tantum,
1098 2150 1163 2189 sed
1198 2152 1232 2189 ὃς
1263 2146 1442 2197 exemplo
1470 2146 1543 2190 vsuo

262 2223 433 2263 excitare
464 2219 567 2259 nisus
594 2218 672 2267 est3
704 2217 846 2267 sibique
879 2215 976 2253 ultro
999 2211 1129 2251 intulit
1153 2221 1303 2249 manus,
1332 2208 1414 2248 Nee
1444 2205 1543 2244 ultra

260 2287 475 2338 profectum
493 2315 505 2333 ‚
536 2294 651 2334 quam
679 2289 719 2319 ut
744 2292 819 2331 prae
846 2288 950 2318 metu
975 2276 1106 2316 mortis
1137 2285 1271 2313 vecors
1304 2272 1444 2315 homo,
1472 2268 1499 2308 F
1505 2280 1544 2307 u-
1608 2274 1613 2283 ¹

316 2420 338 2464 §
370 2421 445 2453 XII.
473 2420 620 2463 Appiam.
653 2417 746 2459 Illyr.
779 2414 812 2447 ἃ
836 2414 930 2448 civil.
968 2414 987 2455 S
1015 2411 1107 2446 XlII.
1133 2410 1241 2443 strab.
1269 2409 1292 2439 1.
1331 2416 1361 2447 5.
1386 2406 1534 2451 Appiam.

263 2464 371 2555 ξὲὶοέ.
393 2466 434 2505 6,
463 2467 509 2499 iS.
536 2473 555 2509 5
578 2462 667 2497 xlv.
691 2461 834 2505 Appian.
854 2459 979 2501 Vellei.
1004 2469 1043 2498 2,
1062 2461 1115 2497 64.
1138 2454 1215 2491 Val.
1235 2452 1329 2485 Max.
1349 2465 1388 2491 4,
1411 2458 1444 2491 7.
1467 2448 1545 2481 Luu
