1685 3042
267 228 343 274 IN
382 224 710 274 Locusta.
751 225 945 270 cxviii
993 225 1131 271 LIV.
1185 243 1187 245 ·
1271 240 1357 287 157

77 344 197 385 teret,
227 346 478 387 praeterquam
515 344 660 384 paucos
693 331 817 371 obiter
850 330 995 378 factos,
1030 332 1066 369 Sc
1101 331 1199 371 dicis
1236 332 1362 373 causa.

132 400 228 441 XX.
257 399 379 449 Igitur
403 397 463 437 M.
493 397 636 442 Bruto,
664 395 728 444 qui
752 407 819 444 per
853 394 988 432 eadem
1022 401 1194 443 tempora
1209 397 1366 447 provin-

81 461 160 500 cias
187 460 221 499 6⁹
245 460 416 499 exercitus
441 474 464 497 a
486 457 526 510 se
557 468 742 510 occupatos
777 455 918 494 retinere
947 454 1175 503 jubebatur,
1201 454 1367 495 senatus-

81 523 256 564 consulto
290 520 536 573 permiffum,
561 521 613 559 uti
637 521 812 574 pecunia,
840 521 878 571 fi
900 534 970 572 qua
998 533 1087 570 opus
1110 520 1184 570 fit,
1212 520 1247 557 6-
1271 521 1365 571 exigi

70 586 192 639 postis,
212 597 352 632 utatur,
378 582 563 635 exigatque
577 611 590 630 ,
608 598 631 620 a
656 581 782 634 quibus
809 582 1000 619 videatur.-
1021 583 1071 619 ad
1090 596 1156 619 rem
1182 581 1364 619 militarem

79 659 232 685 mutuam
263 646 384 697 sumat
415 659 438 682 a
469 642 705 689 civitatibus,
729 641 1005 694 frumentumque
1028 644 1176 693 imperet.
1215 641 1363 681 Eodem

77 704 403 748 senatusconsulto
433 704 612 744 laudatus
638 702 691 742 est
716 704 763 755 Q.
789 703 1023 754 Hortenfius,
1060 702 1250 754 jussusque
1288 718 1365 742 cum

80 772 130 821 Q.
169 768 321 821 Caepione
342 765 547 820 proconsule
571 766 606 805 δ’
626 764 754 818 legatis
772 765 854 817 suis
874 767 1122 803 Macedoniam
1146 765 1366 816 provinciam

77 830 249 877 obtinere,
281 828 401 880 quoad
419 827 452 865 ei
472 841 517 865 ex
539 825 842 879 senatufionsulto
863 824 1051 879 succeffum
1070 826 1131 876 sit.
1160 825 1238 865 Sed
1263 826 1299 864 Sc
1325 825 1367 864 C.

35 901 37 904 ’
77 890 201 930 Caffio
228 890 448 937 decretum,
470 888 522 927 uti
549 889 691 940 Syriam
714 888 880 925 obtineret
897 901 974 926 cum
990 887 1152 940 imperio,
1176 886 1365 938 bellumque

74 968 151 992 cum
172 951 367 991 Dolabella
388 963 522 1005 gereret.
550 949 600 998 Q.
633 948 820 998 Caepionis
857 949 1015 988 nomine
1045 961 1123 986 non
1150 946 1271 987 alium
1299 947 1368 986 nili

76 1014 136 1056 M.
159 1015 320 1055 Brutum
343 1012 506 1063 intelligi
535 1012 774 1051 monendum
794 1011 869 1060 est,
896 1012 959 1062 qui
987 1024 1133 1050 nomen
1157 1009 1255 1050 illud
1278 1006 1371 1060 pree-

76 1088 327 1126 nomenque,
355 1088 444 1114 cum
478 1072 526 1113 ab
548 1073 707 1113 Servilio
737 1073 918 1124 Caepione
945 1071 1134 1112 avunculo
1162 1071 1254 1111 effet
1275 1072 1369 1112 ado-

73 1148 230 1189 ptatus,
256 1135 477 1176 adsciverat.
500 1134 604 1174 Dum
623 1134 706 1173 haec
730 1135 769 1172 in
782 1134 992 1174 Antonium
1009 1134 1140 1174 Romae
1164 1134 1264 1173 fiunt
1290 1147 1370 1173 ma-

76 1203 155 1255 gno
189 1201 459 1252 plerorumque
486 1198 640 1245 studio,
672 1209 753 1236 non
777 1197 1007 1245 defuerunt,
1042 1197 1106 1246 qui
1133 1206 1258 1246 partes
1284 1198 1366 1245 ejus

79 1263 208 1304 modis
244 1260 425 1301 omnibus
462 1266 689 1299 tutarentur.
723 1258 781 1298 Ex
809 1271 971 1308 quorum
1002 1270 1165 1296 numero
1191 1257 1369 1296 adversus

78 1326 479 1373 senatusconsultum,
508 1337 587 1374 quo
614 1330 748 1362 contra
773 1320 1056 1372 rempublicam
1083 1320 1213 1360 feciss‘e
1243 1320 1372 1360 existi-

76 1390 304 1436 mabantur,
328 1389 377 1428 ad
408 1387 620 1428 Antonium
650 1384 813 1436 profesti
844 1383 931 1423 sunt
961 1391 1139 1433 praetores
1172 1383 1255 1430 ejus
1279 1382 1369 1421 anni

75 1455 180 1500 duo,
211 1453 249 1492 P.
277 1450 507 1497 Ventidius,
542 1448 585 1489 L.
613 1447 784 1490 Marcius
806 1445 1065 1486 Censorinus:
1095 1443 1265 1494 unusque
1293 1446 1366 1484 tri·

79 1515 205 1556 bunus
233 1513 381 1564 plebis,
409 1514 444 1552 &
474 1511 662 1563 designati
691 1510 769 1550 duo
790 1540 802 1560 ,
831 1521 922 1549 cum
949 1508 1031 1548 aliis
1063 1507 1289 1560 quibusdam
1313 1508 1369 1548 se-

79 1576 293 1616 natoribus.

131 1638 246 1679 XXI.
277 1637 350 1677 Alii
388 1642 588 1675 manentes
616 1634 658 1673 in
687 1633 782 1673 urbe
814 1647 972 1673 omnem
1008 1647 1076 1685 pro
1106 1636 1276 1675 Antonio
1309 1635 1364 1674 la-

77 1701 210 1753 pidem
244 1698 482 1738 movebant:
520 1696 650 1737 Fufius
687 1695 895 1746 praesertim
924 1699 958 1736 Sc
992 1697 1100 1745 Piso,
1135 1697 1364 1748 plerumque

78 1761 277 1803 sententiis
308 1761 484 1800 diffidere
519 1773 540 1798 a
575 1758 765 1799 Cicerone
791 1758 919 1807 soliti,
953 1761 988 1799 Sc
1023 1760 1127 1810 pacis
1158 1760 1367 1799 commoda

79 1825 332 1865 inculcantes.
379 1824 433 1864 Hi
464 1835 590 1873 neque
623 1822 763 1861 vestem
793 1830 1036 1861 mutaverunt
1067 1820 1218 1867 statim,
1248 1825 1284 1860 ὀὶ
1314 1819 1368 1859 se-

81 1888 189 1927 natui
223 1886 383 1925 fuerunt
411 1886 583 1924 auetores
615 1884 735 1921 iterum
768 1885 818 1920 acl
842 1884 1041 1921 Antonium
1067 1882 1203 1936 legatos
1227 1883 1366 1919 mitten-

84 1951 147 1998 di,
164 1948 279 1989 Pansa
299 1960 452 1998 quoque
482 1945 638 1986 consule
664 1944 868 1984 hortatore.
897 1944 1083 1993 dict-aeque
1106 1942 1196 1982 sunt
1221 1942 1369 1981 senten-

76 2012 139 2050 tiae
153 2043 167 2060 ,
189 2024 228 2050 ut
251 2010 449 2062 consulares
471 2010 645 2061 quinque,
671 2020 773 2060 atque
791 2007 879 2046 inter
906 2021 964 2045 eos
990 2008 1104 2046 Cicero
1120 2037 1133 2053 ‚
1159 2005 1365 2057 legarentur.

80 2073 158 2113 Sed
176 2072 242 2111 liic
276 2072 435 2122 quidem
465 2070 610 2109 senatui
635 2068 786 2119 causas,
817 2080 885 2108 cur
909 2066 1097 2119 proficisci
1126 2078 1253 2116 neque
1281 2066 1366 2116 pos-

79 2135 159 2184 set,
196 2148 320 2186 neque
355 2134 535 2183 deberet,
573 2131 768 2172 luculenta
803 2132 976 2172 oratione
1006 2129 1214 2181 exposuit:
1252 2136 1366 2178 atque

81 2198 150 2238 illo
182 2196 417 2238 detrectante
443 2197 646 2248 legationis
669 2208 827 2244 munus,
855 2196 972 2234 ceteri
1000 2206 1153 2245 quoque
1176 2191 1362 2231 remanse-

74 2269 174 2302 runt.
208 2263 282 2302 Sed
314 2261 430 2301 Vibio
453 2261 578 2301 Pansae
612 2259 786 2306 consuli,
812 2258 1025 2306 adssbellum
1049 2258 1203 2296 exeunti
1217 2280 1232 2302 ,Δ
1256 2255 1362 2294 foeda

86 2324 230 2364 ostenta
251 2325 363 2364 faeta.
390 2325 491 2365 Nam
515 2321 649 2363 ultima
672 2320 1010 2371 concione,quam
1026 2319 1073 2359 ad
1089 2317 1275 2370 populum
1299 2316 1365 2354 ha-

131 2462 152 2504 §
176 2459 269 2492 XIX
293 2460 365 2492 Cic.
384 2459 469 2493 Phil.
494 2470 551 2501 12,
575 2472 592 2498 4
613 2458 646 2491 ὅ(
671 2471 721 2498 ι4.
746 2459 834 2490 Idem
855 2456 1009 2489 familiar.
1038 2467 1076 2493 1,
1100 2465 1140 2488 24
1166 2453 1197 2485 ἃ
1223 2463 1255 2484 ι
1297 2461 1336 2481 ²0
1350 2478 1358 2490 r

81 2504 114 2536 ὅ(
136 2505 176 2537 ad
197 2504 291 2538 Brut.
306 2516 358 2549 ep.
377 2516 408 2536 2.
430 2505 527 2537 Plut.
537 2506 572 2537 in
590 2503 700 2539 AEmu
727 2514 755 2535 c.
779 2502 834 2545 63.
854 2502 934 2535 Dio.
961 2501 981 2545 §
1015 2499 1087 2532 XX
1113 2499 1257 2541 Appiam.
1286 2496 1361 2529 Cic.

84 2547 553 2593 Prii.10,11,&ep.ad
577 2549 669 2581 Brut
