1685 3042
272 194 349 287 ‘94
423 222 512 307 io,
547 221 1042 269 FRfflNSHEMII
1085 225 1443 272 SUPPLEM.

285 330 391 369 civile
407 329 578 368 diceret:
606 328 775 368 Statilius
789 360 800 378 ‚
818 329 971 380 Epicuri
995 329 1100 369 sec'tae
1125 330 1298 378 deditus,
1324 319 1479 383 negaret
1497 347 1572 372 cor-

283 391 371 428 dato
393 390 470 429 viro
492 390 642 428 lahorem
673 391 709 429 6¹
734 391 924 444 periculum
953 392 1014 445 effe
1041 392 1320 445 suspiciendum,
1341 394 1509 433 malorum
1535 395 1572 434 δ’

274 453 482 508 stolidorum
510 454 687 492 hominum
711 455 842 507 gratia.

342 523 486 564 XLIII.
515 523 635 575 Igitur
652 523 711 563 his
731 523 875 564 relictis
889 554 901 573 ,
927 523 1148 564 Labeonem
1166 524 1359 575 quendam
1382 525 1577 575 adjunxit.

285 589 317 629 A
345 586 523 627 Labeone
548 586 658 626 fimul
677 589 711 628 ἃ
736 587 858 626 Caffio
877 587 923 627 D.
937 588 1074 629 Brutus
1090 596 1256 628 tentatus
1281 589 1334 628 est
1348 619 1360 639 ‚
1374 589 1431 628 vir
1455 587 1575 629 animi

285 663 367 689 non
386 650 547 702 maximj
561 680 573 698 ,
587 649 653 689 sed
667 652 729 689 cui
748 650 910 700 plurima
927 660 1006 690 erat
1024 650 1183 690 fallendi
1199 653 1311 701 copia
1326 681 1339 698 ‚
1359 663 1427 702 per
1443 651 1575 691 amici-

285 709 348 747 tiae
366 710 502 752 fidem:
519 719 599 750 erat
615 711 717 751 enim
735 712 831 750 inter
847 711 1152 751 familiarissimos
1172 713 1345 753 Caesaris:
1365 709 1578 764 praetereaq‘

288 785 378 812 cum
394 773 525 813 Idibus
542 774 689 814 Martiis
711 787 850 824 munus
866 776 1037 814 editurus
1053 774 1144 814 esset
1157 777 1196 814 in
1213 775 1362 815 theatro
1382 775 1576 827 Pompefi,

289 837 522 888 gladiatores
548 839 629 886 ejus
645 839 844 887 ingentem
870 838 1039 887 praebere
1064 837 1173 877 usum
1201 845 1392 889 poterant.
1418 839 1466 878 At
1489 837 1579 887 ille,

288 900 397 939 nullo
417 909 501 938 tum
531 899 711 950 responso
741 901 856 948 dato,
881 901 1048 950 perrexit
1077 901 1126 940 ad
1155 901 1342 941 Brutum:
1372 903 1406 941 ἃ
1429 900 1580 942 intelle-

290 960 494 1006 cro,hunc
518 960 592 999 effe
609 961 661 999 rei
689 961 864 1011 gerendae
889 962 1053 1010 ducem,
1079 964 1213 1002 omnia
1234 962 1406 1013 promisit
1420 961 1582 1013 amplis·
1652 1000 1665 1013 Ι.

287 1023 404 1062 sime:
433 1029 723 1072 ceterorumque
750 1022 937 1073 plurimos
968 1025 1004 1064 ἃ
1029 1025 1346 1074 praestant'rffimos
1374 1026 1580 1065 auctoritas

286 1083 347 1124 m.
375 1084 481 1123 Bruti
516 1082 695 1132 allicuit;
725 1084 852 1123 donec
880 1084 972 1124 fasti
1006 1085 1091 1125 sunt
1129 1086 1320 1126 senatores
1356 1085 1581 1137 equitesque

288 1143 455 1194 amplius
490 1143 693 1194 sexaginta.
729 1153 813 1184 tum
836 1145 1027 1195 consilia,
1061 1159 1144 1197 quae
1187 1146 1353 1186 seorsum
1381 1147 1580 1186 'haetenus

285 1206 369 1245 bini
391 1207 538 1245 ternive
559 1215 739 1257 ceperant
754 1236 764 1255 ,
783 1208 823 1246 in
849 1220 969 1247 unum
999 1209 1172 1248 conferre
1199 1209 1333 1250 visum.
1355 1211 1390 1249 &
1411 1209 1503 1248 licet
1518 1221 1583 1248 ne-

291 1280 366 1318 que
403 1268 649 1318 juramento,
685 1281 810 1319 neque
847 1268 958 1308 sacris
990 1271 1098 1310 raetis
1131 1271 1406 1310 adstrinxerant
1441 1270 1585 1320 fidem,

290 1341 376 1368 eam
401 1338 533 1368 tamen
558 1342 645 1369 cum
678 1329 824 1369 mentio
857 1331 1130 1381 praestiterunt,
1153 1343 1198 1371 ut
1220 1345 1267 1371 ex
1292 1341 1400 1371 tanto
1421 1344 1584 1372 numero

289 1404 406 1430 nemo
439 1397 604 1431 mutaret
642 1393 843 1441 animum,
873 1406 987 1432 nemo
1014 1395 1219 1444 proderet,
1248 1408 1296 1434 ne
1319 1394 1475 1434 Cimber
1501 1395 1584 1446 qui-

292 1459 383 1497 dem
399 1456 551 1497 Tullius
575 1456 749 1496 confeffae
777 1457 1026 1506 ebriofitatis‚
1053 1458 1088 1497 &
1112 1457 1177 1507 qui
1205 1456 1333 1508 postea
1360 1468 1427 1507 per
1447 1458 1581 1506 jocum

294 1521 422 1560 dicere
448 1520 581 1560 solitus
606 1520 687 1568 est,
713 1522 840 1575 Egone
856 1520 980 1574 ferrem
1004 1536 1228 1574 quemquam,
1263 1521 1323 1574 qui
1346 1522 1466 1560 vinum
1489 1519 1582 1574 firre

291 1599 363 1624 non
388 1583 554 1636 poffitm?

346 1655 482 1696 XLIV.
499 1656 597 1695 Sane
614 1668 694 1694 non
715 1655 875 1695 fallebat
892 1655 1089 1700 ,Caesarem
1101 1686 1114 1702 ,
1131 1656 1338 1695 noeturnos
1369 1661 1581 1694 conventus

293 1718 378 1768 agi,
407 1718 642 1768 Brutumque
668 1720 702 1758 δι
730 1718 896 1758 Cassium
914 1717 1173 1769 suspectabat,
1200 1730 1343 1768 negans
1370 1718 1487 1771 obesos
1499 1717 1584 1755 illos

293 1781 329 1820 δ’
341 1781 532 1819 comatulos
545 1783 585 1832 se
599 1782 714 1819 timere
730 1811 741 1829 ,
760 1780 987 1831 (Dolabella
1001 1783 1034 1821 ὁὶ
1052 1781 1239 1821 Antonius
1255 1793 1378 1819 rerum
1395 1792 1583 1819 novarum

293 1840 633 1895 iufimulabantur)
647 1843 714 1895 sed
730 1843 890 1895 pallidos
910 1843 973 1881 hos
1005 1844 1040 1882 6·
1061 1842 1262 1881 macilentos
1282 1858 1292 1881 .·
1318 1852 1487 1880 ceterum
1512 1841 1587 1880 five

293 1901 428 1952 inopia
443 1902 603 1949 confilii,
622 1901 694 1941 five
707 1902 826 1942 nimia
842 1902 1004 1942 fortunae
1019 1902 1092 1942 suae
1111 1902 1268 1950 fiducia,
1286 1912 1490 1941 contentus
1503 1902 1583 1941 edi-

295 1966 356 2005 ἂο
373 1963 611 2004 admonuisse
623 1995 633 2013 ‚
651 1977 734 2004 nota
748 1966 819 2016 fibi
834 1966 908 2019 effi,
925 1981 998 2019 quae
1017 1978 1215 2019 agerentur,
1231 1965 1328 2005 ultra
1346 1965 1439 2005 nihil
1456 1968 1582 2015 cavit3

295 2028 412 2066 etiam
441 2026 655 2085 haruspices
687 2027 872 2074 irridens,
905 2040 926 2066 a
954 2028 1091 2078 quibus
1125 2027 1363 2069 monebatur.
1397 2029 1485 2078 Quo
1520 2028 1582 2068 die

296 2090 467 2139 primum
491 2088 589 2127 veste
617 2101 804 2139 purpurea
839 2089 1016 2140 proccffit
1033 2121 1044 2138 ,
1073 2098 1186 2141 atque
1211 2090 1251 2128 in
1274 2103 1387 2129 aurea
1413 2089 1501 2129 sella
1526 2089 1583 2128 se·

301 2151 383 2200 dit,
413 2151 640 2191 sacrificanti
673 2152 768 2191 extis
798 2165 865 2192 cor
903 2153 1027 2192 defuit
1060 2153 1100 2191 in
1131 2152 1262 2204 opimo
1295 2151 1404 2191 bove.
1446 2153 1494 2191 At
1517 2151 1582 2190 ille

297 2215 407 2267 tristia
426 2226 510 2252 exta
527 2215 719 2254 nuntianti
745 2215 943 2266 Spurinnae
956 2245 967 2264 ‚
986 2215 1228 2266 dicentique,
1244 2215 1427 2253 timendum
1440 2214 1520 2266 effi,
1541 2229 1584 2252 ne

296 2274 476 2326 confilium
503 2276 538 2314 ἃ·
554 2276 630 2314 vica
651 2277 826 2326 deficeret,
862 2279 955 2329 quod
977 2290 1120 2330 utraque
1144 2277 1215 2316 lzaec
1240 2277 1339 2315 corde
1369 2277 1583 2314 contineren-

294 2349 376 2386 tur,
390 2339 518 2390 futura
540 2338 636 2378 dixit
658 2339 818 2389 laetiora,
838 2354 913 2379 cum
936 2341 1040 2379 vellet
1048 2355 1067 2389 ,·
1094 2354 1198 2393 neque
1218 2354 1283 2394 pro
1307 2340 1431 2394 ostento
1455 2340 1580 2378 ducen-

345 2486 368 2530 5
393 2485 657 2532 xr.11.Eutrop.
679 2488 752 2521 eie.
779 2487 866 2522 Phil.
887 2498 927 2532 3,
952 2500 985 2522 n
1007 2488 1040 2522 &
1062 2498 1115 2530 ις.
1138 2464 1282 2533 Appiafi.
1307 2487 1395 2522 Plut.
1422 2489 1443 2532 5
1461 2487 1584 2525 xtnr,

309 2538 454 2585 Appian.
476 2539 559 2574 Dio.
576 2539 664 2577 Plut⁴
691 2541 835 2589 Lutrop.
855 2543 997 2577 Sueton.
1017 2543 1050 2574 in
1070 2541 1154 2575 Caes.
1175 2553 1208 2575 c.
1233 2542 1286 2576 80.
1307 2543 1423 2575 Senec.
1450 2553 1503 2585 ep.
1525 2540 1582 2585 83.
