<?xml version="1.0" encoding="UTF-8"?>
<!DOCTYPE html PUBLIC "-//W3C//DTD XHTML 1.0 Transitional//EN"
    "http://www.w3.org/TR/xhtml1/DTD/xhtml1-transitional.dtd">
<html xmlns="http://www.w3.org/1999/xhtml" xml:lang="en" lang="en">
 <head>
  <title>
</title>
<meta http-equiv="Content-Type" content="text/html;charset=utf-8" />
  <meta name='ocr-system' content='tesseract 3.04.00' />
  <meta name='ocr-capabilities' content='ocr_page ocr_carea ocr_par ocr_line ocrx_word'/>
</head>
<body>
  <div class='ocr_page' id='page_1' title='image "./historiarumlibri11livyuoft_0083.png"; bbox 0 0 1685 3042; ppageno 0'>
   <div class='ocr_carea' id='block_1_1' title="bbox 1126 77 1135 101">
    <p class='ocr_par' dir='ltr' id='par_1_1' title="bbox 1126 77 1135 101">
     <span class='ocr_line' id='line_1_1' title="bbox 1126 77 1135 101; baseline 0 0"><span class='ocrx_word' id='word_1_1' title='bbox 1126 77 1135 101; x_wconf 67' lang='grc' dir='ltr'><strong><em>Ι</em></strong></span> 
     </span>
    </p>
   </div>
   <div class='ocr_carea' id='block_1_2' title="bbox 286 216 1338 277">
    <p class='ocr_par' dir='ltr' id='par_1_2' title="bbox 286 216 1338 277">
     <span class='ocr_line' id='line_1_2' title="bbox 286 216 1338 277; baseline -0.007 -9"><span class='ocrx_word' id='word_1_2' title='bbox 286 221 364 268; x_wconf 81' lang='lat' dir='ltr'><strong>IN</strong></span> <span class='ocrx_word' id='word_1_3' title='bbox 410 216 580 265; x_wconf 78' lang='lat' dir='ltr'><strong>Loc,</strong></span> <span class='ocrx_word' id='word_1_4' title='bbox 617 217 752 262; x_wconf 70' lang='grc' dir='ltr'><strong>ΜΒ.</strong></span> <span class='ocrx_word' id='word_1_5' title='bbox 791 216 922 261; x_wconf 79' lang='lat' dir='ltr'><strong>cxv</strong></span> <span class='ocrx_word' id='word_1_6' title='bbox 974 216 1119 262; x_wconf 68' lang='grc' dir='ltr'><strong>ων.</strong></span> <span class='ocrx_word' id='word_1_7' title='bbox 1277 227 1338 277; x_wconf 79' lang='lat'><strong>75</strong></span> 
     </span>
    </p>
   </div>
   <div class='ocr_carea' id='block_1_3' title="bbox 63 318 1349 1364">
    <p class='ocr_par' dir='ltr' id='par_1_3' title="bbox 66 318 1349 745">
     <span class='ocr_line' id='line_1_3' title="bbox 68 318 1348 377; baseline -0.009 -7"><span class='ocrx_word' id='word_1_8' title='bbox 68 329 132 370; x_wconf 87' lang='lat' dir='ltr'><strong>est.</strong></span> <span class='ocrx_word' id='word_1_9' title='bbox 158 328 262 368; x_wconf 79' lang='lat' dir='ltr'><strong>Inter</strong></span> <span class='ocrx_word' id='word_1_10' title='bbox 285 325 368 365; x_wconf 87' lang='lat' dir='ltr'><strong>haec</strong></span> <span class='ocrx_word' id='word_1_11' title='bbox 398 326 475 364; x_wconf 81' lang='lat' dir='ltr'><strong>otia</strong></span> <span class='ocrx_word' id='word_1_12' title='bbox 492 354 502 372; x_wconf 81' lang='lat'><strong>‚</strong></span> <span class='ocrx_word' id='word_1_13' title='bbox 519 323 625 377; x_wconf 84' lang='lat' dir='ltr'><strong>(haec</strong></span> <span class='ocrx_word' id='word_1_14' title='bbox 647 322 752 361; x_wconf 89' lang='lat' dir='ltr'><strong>enim</strong></span> <span class='ocrx_word' id='word_1_15' title='bbox 782 319 931 361; x_wconf 77' lang='lat' dir='ltr'><strong>bellicis</strong></span> <span class='ocrx_word' id='word_1_16' title='bbox 955 325 1176 370; x_wconf 81' lang='lat' dir='ltr'><strong>comparata</strong></span> <span class='ocrx_word' id='word_1_17' title='bbox 1200 318 1348 359; x_wconf 63' lang='lat' dir='ltr'><strong>labori-2</strong></span> 
     </span>
     <span class='ocr_line' id='line_1_4' title="bbox 67 381 1348 438; baseline -0.009 -8"><span class='ocrx_word' id='word_1_18' title='bbox 67 390 160 438; x_wconf 83' lang='lat' dir='ltr'><strong>bus,</strong></span> <span class='ocrx_word' id='word_1_19' title='bbox 182 389 330 428; x_wconf 85' lang='lat' dir='ltr'><strong>homini</strong></span> <span class='ocrx_word' id='word_1_20' title='bbox 359 398 554 435; x_wconf 83' lang='lat' dir='ltr'><strong>nunquam</strong></span> <span class='ocrx_word' id='word_1_21' title='bbox 581 383 718 422; x_wconf 78' lang='lat' dir='ltr'><strong>cessare</strong></span> <span class='ocrx_word' id='word_1_22' title='bbox 742 382 855 421; x_wconf 86' lang='lat' dir='ltr'><strong>solito</strong></span> <span class='ocrx_word' id='word_1_23' title='bbox 876 382 954 421; x_wconf 85' lang='lat' dir='ltr'><strong>otia</strong></span> <span class='ocrx_word' id='word_1_24' title='bbox 967 381 1223 436; x_wconf 85' lang='lat' dir='ltr'><strong>videbantur)</strong></span> <span class='ocrx_word' id='word_1_25' title='bbox 1241 383 1348 422; x_wconf 66' lang='lat' dir='ltr'><strong>Anti-</strong></span> 
     </span>
     <span class='ocr_line' id='line_1_5' title="bbox 68 444 1346 498; baseline -0.007 -7"><span class='ocrx_word' id='word_1_26' title='bbox 68 452 233 492; x_wconf 84' lang='lat' dir='ltr'><strong>Catones</strong></span> <span class='ocrx_word' id='word_1_27' title='bbox 254 451 350 489; x_wconf 88' lang='lat' dir='ltr'><strong>duos</strong></span> <span class='ocrx_word' id='word_1_28' title='bbox 371 447 535 498; x_wconf 77' lang='lat' dir='ltr'><strong>scripsit,</strong></span> <span class='ocrx_word' id='word_1_29' title='bbox 557 445 879 496; x_wconf 81' lang='lat' dir='ltr'><strong>vituperationem</strong></span> <span class='ocrx_word' id='word_1_30' title='bbox 901 444 1143 483; x_wconf 85' lang='lat' dir='ltr'><strong>continentes</strong></span> <span class='ocrx_word' id='word_1_31' title='bbox 1165 444 1346 493; x_wconf 86' lang='lat' dir='ltr'><strong>Catonis,</strong></span> 
     </span>
     <span class='ocr_line' id='line_1_6' title="bbox 66 505 1349 564; baseline -0.006 -12"><span class='ocrx_word' id='word_1_32' title='bbox 66 512 354 564; x_wconf 70' lang='lat' dir='ltr'><strong>laudationique</strong></span> <span class='ocrx_word' id='word_1_33' title='bbox 377 509 573 550; x_wconf 85' lang='lat' dir='ltr'><strong>Ciceronis</strong></span> <span class='ocrx_word' id='word_1_34' title='bbox 607 509 811 559; x_wconf 71' lang='lat' dir='ltr'><strong>oppositos.</strong></span> <span class='ocrx_word' id='word_1_35' title='bbox 853 507 924 547; x_wconf 87' lang='lat' dir='ltr'><strong>His</strong></span> <span class='ocrx_word' id='word_1_36' title='bbox 954 505 1065 546; x_wconf 83' lang='lat' dir='ltr'><strong>rebus</strong></span> <span class='ocrx_word' id='word_1_37' title='bbox 1085 506 1205 545; x_wconf 86' lang='lat' dir='ltr'><strong>ferme</strong></span> <span class='ocrx_word' id='word_1_38' title='bbox 1229 505 1349 555; x_wconf 73' lang='lat' dir='ltr'><strong>septi-</strong></span> 
     </span>
     <span class='ocr_line' id='line_1_7' title="bbox 66 563 1348 618; baseline -0.004 -5"><span class='ocrx_word' id='word_1_39' title='bbox 66 588 176 613; x_wconf 86' lang='lat' dir='ltr'><strong>mum</strong></span> <span class='ocrx_word' id='word_1_40' title='bbox 202 574 299 612; x_wconf 82' lang='lat' dir='ltr'><strong>intra</strong></span> <span class='ocrx_word' id='word_1_41' title='bbox 325 571 495 611; x_wconf 85' lang='lat' dir='ltr'><strong>mensem</strong></span> <span class='ocrx_word' id='word_1_42' title='bbox 528 570 735 618; x_wconf 63' lang='lat' dir='ltr'><strong>confectis,</strong></span> <span class='ocrx_word' id='word_1_43' title='bbox 761 569 804 608; x_wconf 88' lang='lat' dir='ltr'><strong>C.</strong></span> <span class='ocrx_word' id='word_1_44' title='bbox 834 563 1015 609; x_wconf 68' lang='lat' dir='ltr'><strong>Oci&#39;cavius</strong></span> <span class='ocrx_word' id='word_1_45' title='bbox 1041 568 1090 606; x_wconf 83' lang='lat' dir='ltr'><strong>ad</strong></span> <span class='ocrx_word' id='word_1_46' title='bbox 1113 568 1348 608; x_wconf 84' lang='lat' dir='ltr'><strong>avunculum</strong></span> 
     </span>
     <span class='ocr_line' id='line_1_8' title="bbox 67 630 1347 684; baseline -0.007 -8"><span class='ocrx_word' id='word_1_47' title='bbox 67 636 250 676; x_wconf 82' lang='lat' dir='ltr'><strong>Caesarem</strong></span> <span class='ocrx_word' id='word_1_48' title='bbox 280 636 438 684; x_wconf 84' lang='lat' dir='ltr'><strong>Cartejae</strong></span> <span class='ocrx_word' id='word_1_49' title='bbox 470 634 600 674; x_wconf 83' lang='lat' dir='ltr'><strong>adhuc</strong></span> <span class='ocrx_word' id='word_1_50' title='bbox 631 640 810 683; x_wconf 76' lang='lat' dir='ltr'><strong>agentem</strong></span> <span class='ocrx_word' id='word_1_51' title='bbox 838 632 966 681; x_wconf 77' lang='lat' dir='ltr'><strong>venit,</strong></span> <span class='ocrx_word' id='word_1_52' title='bbox 1000 630 1209 682; x_wconf 84' lang='lat' dir='ltr'><strong>impeditus</strong></span> <span class='ocrx_word' id='word_1_53' title='bbox 1242 642 1347 668; x_wconf 84' lang='lat' dir='ltr'><strong>mot-</strong></span> 
     </span>
     <span class='ocr_line' id='line_1_9' title="bbox 66 694 934 745; baseline -0.003 -9"><span class='ocrx_word' id='word_1_54' title='bbox 66 694 141 745; x_wconf 86' lang='lat' dir='ltr'><strong>bo,</strong></span> <span class='ocrx_word' id='word_1_55' title='bbox 165 709 214 735; x_wconf 88' lang='lat' dir='ltr'><strong>ne</strong></span> <span class='ocrx_word' id='word_1_56' title='bbox 237 696 498 736; x_wconf 86' lang='lat' dir='ltr'><strong>discedentem</strong></span> <span class='ocrx_word' id='word_1_57' title='bbox 526 695 649 736; x_wconf 86' lang='lat' dir='ltr'><strong>Roma</strong></span> <span class='ocrx_word' id='word_1_58' title='bbox 674 694 934 733; x_wconf 84' lang='lat' dir='ltr'><strong>comitaretur.</strong></span> 
     </span>
    </p>

    <p class='ocr_par' dir='ltr' id='par_1_4' title="bbox 63 754 1349 1364">
     <span class='ocr_line' id='line_1_10' title="bbox 130 754 1349 809; baseline -0.008 -9"><span class='ocrx_word' id='word_1_59' title='bbox 130 760 267 800; x_wconf 86' lang='lat' dir='ltr'>LXIV.</span> <span class='ocrx_word' id='word_1_60' title='bbox 308 762 381 799; x_wconf 85' lang='lat' dir='ltr'><strong>Per</strong></span> <span class='ocrx_word' id='word_1_61' title='bbox 401 774 460 798; x_wconf 86' lang='lat' dir='ltr'><strong>eos</strong></span> <span class='ocrx_word' id='word_1_62' title='bbox 485 760 561 797; x_wconf 84' lang='lat' dir='ltr'><strong>dies</strong></span> <span class='ocrx_word' id='word_1_63' title='bbox 591 771 728 796; x_wconf 78' lang='lat' dir='ltr'><strong>enatum</strong></span> <span class='ocrx_word' id='word_1_64' title='bbox 761 757 887 809; x_wconf 83' lang='lat' dir='ltr'><em>palmae</em></span> <span class='ocrx_word' id='word_1_65' title='bbox 909 769 1045 808; x_wconf 84' lang='lat' dir='ltr'><strong>germen</strong></span> <span class='ocrx_word' id='word_1_66' title='bbox 1070 754 1107 791; x_wconf 83' lang='lat' dir='ltr'><strong>in</strong></span> <span class='ocrx_word' id='word_1_67' title='bbox 1133 754 1208 792; x_wconf 83' lang='lat' dir='ltr'><strong>loco</strong></span> <span class='ocrx_word' id='word_1_68' title='bbox 1235 754 1349 792; x_wconf 62' lang='lat' dir='ltr'><strong>Mun-2</strong></span> 
     </span>
     <span class='ocr_line' id='line_1_11' title="bbox 65 813 1346 875; baseline -0.01 -11"><span class='ocrx_word' id='word_1_69' title='bbox 65 822 176 873; x_wconf 71' lang='lat' dir='ltr'><strong>densis</strong></span> <span class='ocrx_word' id='word_1_70' title='bbox 196 836 324 875; x_wconf 83' lang='lat' dir='ltr'><strong>pugnae</strong></span> <span class='ocrx_word' id='word_1_71' title='bbox 338 852 351 869; x_wconf 84' lang='lat'>‚</span> <span class='ocrx_word' id='word_1_72' title='bbox 382 821 462 860; x_wconf 81' lang='lat' dir='ltr'><strong>huic</strong></span> <span class='ocrx_word' id='word_1_73' title='bbox 497 820 646 860; x_wconf 64' lang='lat' dir='ltr'><strong>oei-&#39;avio</strong></span> <span class='ocrx_word' id='word_1_74' title='bbox 669 820 866 872; x_wconf 82' lang='lat' dir='ltr'><strong>prosperum</strong></span> <span class='ocrx_word' id='word_1_75' title='bbox 899 831 994 855; x_wconf 81' lang='lat' dir='ltr'><strong>omen</strong></span> <span class='ocrx_word' id='word_1_76' title='bbox 1012 814 1130 868; x_wconf 68' lang='lat' dir='ltr'><strong>ffflffi</strong></span> <span class='ocrx_word' id='word_1_77' title='bbox 1158 813 1346 859; x_wconf 80' lang='lat' dir='ltr'><strong>credunt,</strong></span> 
     </span>
     <span class='ocr_line' id='line_1_12' title="bbox 67 873 1345 933; baseline -0.009 -11"><span class='ocrx_word' id='word_1_78' title='bbox 67 896 184 933; x_wconf 88' lang='lat' dir='ltr'><strong>quem</strong></span> <span class='ocrx_word' id='word_1_79' title='bbox 207 890 398 922; x_wconf 85' lang='lat' dir='ltr'><strong>tantarum</strong></span> <span class='ocrx_word' id='word_1_80' title='bbox 419 894 539 932; x_wconf 90' lang='lat' dir='ltr'><strong>opum</strong></span> <span class='ocrx_word' id='word_1_81' title='bbox 563 878 811 919; x_wconf 80' lang='lat' dir='ltr'><strong>succefforem</strong></span> <span class='ocrx_word' id='word_1_82' title='bbox 832 878 935 917; x_wconf 88' lang='lat' dir='ltr'><strong>Deus</strong></span> <span class='ocrx_word' id='word_1_83' title='bbox 965 875 1230 926; x_wconf 75' lang='lat' dir='ltr'><strong>designaverat.</strong></span> <span class='ocrx_word' id='word_1_84' title='bbox 1268 873 1345 913; x_wconf 83' lang='lat' dir='ltr'><strong>Sed</strong></span> 
     </span>
     <span class='ocr_line' id='line_1_13' title="bbox 68 934 1348 987; baseline -0.009 -6"><span class='ocrx_word' id='word_1_85' title='bbox 68 942 118 982; x_wconf 87' lang='lat' dir='ltr'><strong>ad</strong></span> <span class='ocrx_word' id='word_1_86' title='bbox 147 941 251 980; x_wconf 84' lang='lat' dir='ltr'><strong>suam</strong></span> <span class='ocrx_word' id='word_1_87' title='bbox 275 942 470 980; x_wconf 87' lang='lat' dir='ltr'><strong>fortunam</strong></span> <span class='ocrx_word' id='word_1_88' title='bbox 495 939 647 979; x_wconf 84' lang='lat' dir='ltr'><strong>trahens</strong></span> <span class='ocrx_word' id='word_1_89' title='bbox 678 939 822 987; x_wconf 76' lang='lat' dir='ltr'><strong>Caesar,</strong></span> <span class='ocrx_word' id='word_1_90' title='bbox 849 937 972 981; x_wconf 65' lang='lat' dir='ltr'><strong>factus</strong></span> <span class='ocrx_word' id='word_1_91' title='bbox 998 943 1078 979; x_wconf 87' lang='lat' dir='ltr'><strong>erat</strong></span> <span class='ocrx_word' id='word_1_92' title='bbox 1105 934 1262 974; x_wconf 78' lang='lat' dir='ltr'><strong>hilarior</strong></span> <span class='ocrx_word' id='word_1_93' title='bbox 1287 941 1348 971; x_wconf 84' lang='lat' dir='ltr'><strong>at-</strong></span> 
     </span>
     <span class='ocr_line' id='line_1_14' title="bbox 68 996 1349 1054; baseline -0.007 -12"><span class='ocrx_word' id='word_1_94' title='bbox 68 1016 143 1054; x_wconf 80' lang='lat' dir='ltr'><strong>que</strong></span> <span class='ocrx_word' id='word_1_95' title='bbox 167 1003 432 1043; x_wconf 87' lang='lat' dir='ltr'><strong>confidentior.</strong></span> <span class='ocrx_word' id='word_1_96' title='bbox 459 1010 642 1053; x_wconf 85' lang='lat' dir='ltr'><strong>tantoque</strong></span> <span class='ocrx_word' id='word_1_97' title='bbox 666 1000 819 1040; x_wconf 86' lang='lat' dir='ltr'><strong>facilius</strong></span> <span class='ocrx_word' id='word_1_98' title='bbox 842 998 990 1049; x_wconf 88' lang='lat' dir='ltr'><strong>accepit</strong></span> <span class='ocrx_word' id='word_1_99' title='bbox 1025 996 1173 1037; x_wconf 59' lang='lat' dir='ltr'><strong>Octavii</strong></span> <span class='ocrx_word' id='word_1_100' title='bbox 1202 1007 1349 1046; x_wconf 81' lang='lat' dir='ltr'><strong>preces,</strong></span> 
     </span>
     <span class='ocr_line' id='line_1_15' title="bbox 67 1058 1343 1116; baseline -0.008 -11"><span class='ocrx_word' id='word_1_101' title='bbox 67 1073 147 1105; x_wconf 80' lang='lat' dir='ltr'><strong>tam</strong></span> <span class='ocrx_word' id='word_1_102' title='bbox 168 1078 239 1115; x_wconf 92' lang='lat' dir='ltr'><strong>pro</strong></span> <span class='ocrx_word' id='word_1_103' title='bbox 261 1064 345 1104; x_wconf 86' lang='lat' dir='ltr'><strong>aliis</strong></span> <span class='ocrx_word' id='word_1_104' title='bbox 373 1065 627 1116; x_wconf 75' lang='lat' dir='ltr'><strong>interpositas,</strong></span> <span class='ocrx_word' id='word_1_105' title='bbox 651 1077 764 1114; x_wconf 85' lang='lat' dir='ltr'><strong>quam</strong></span> <span class='ocrx_word' id='word_1_106' title='bbox 786 1063 904 1102; x_wconf 84' lang='lat' dir='ltr'><strong>etiam</strong></span> <span class='ocrx_word' id='word_1_107' title='bbox 923 1074 991 1111; x_wconf 89' lang='lat' dir='ltr'><strong>pro</strong></span> <span class='ocrx_word' id='word_1_108' title='bbox 1017 1059 1256 1110; x_wconf 81' lang='lat' dir='ltr'><strong>Saguntinis,</strong></span> <span class='ocrx_word' id='word_1_109' title='bbox 1277 1058 1343 1108; x_wconf 87' lang='lat' dir='ltr'><strong>qui</strong></span> 
     </span>
     <span class='ocr_line' id='line_1_16' title="bbox 69 1119 1345 1177; baseline -0.005 -10"><span class='ocrx_word' id='word_1_110' title='bbox 69 1126 199 1167; x_wconf 89' lang='lat' dir='ltr'><strong>multis</strong></span> <span class='ocrx_word' id='word_1_111' title='bbox 222 1126 446 1166; x_wconf 89' lang='lat' dir='ltr'><strong>criminibus</strong></span> <span class='ocrx_word' id='word_1_112' title='bbox 470 1126 724 1177; x_wconf 80' lang='lat' dir='ltr'><strong>urgebantur,</strong></span> <span class='ocrx_word' id='word_1_113' title='bbox 742 1138 830 1164; x_wconf 87' lang='lat' dir='ltr'><strong>cum</strong></span> <span class='ocrx_word' id='word_1_114' title='bbox 853 1124 901 1163; x_wconf 88' lang='lat' dir='ltr'><strong>ad</strong></span> <span class='ocrx_word' id='word_1_115' title='bbox 927 1131 1163 1162; x_wconf 83' lang='lat' dir='ltr'><strong>conventum</strong></span> <span class='ocrx_word' id='word_1_116' title='bbox 1187 1119 1345 1162; x_wconf 84' lang='lat' dir='ltr'><strong>Cartha-</strong></span> 
     </span>
     <span class='ocr_line' id='line_1_17' title="bbox 70 1183 1348 1240; baseline -0.007 -12"><span class='ocrx_word' id='word_1_117' title='bbox 70 1187 277 1240; x_wconf 84' lang='lat' dir='ltr'><strong>giniensem</strong></span> <span class='ocrx_word' id='word_1_118' title='bbox 304 1188 425 1229; x_wconf 74' lang='lat' dir='ltr'><strong>Caesar</strong></span> <span class='ocrx_word' id='word_1_119' title='bbox 449 1187 662 1228; x_wconf 84' lang='lat' dir='ltr'><strong>acceffiffet.</strong></span> <span class='ocrx_word' id='word_1_120' title='bbox 702 1187 841 1227; x_wconf 84' lang='lat' dir='ltr'><strong>Cetera</strong></span> <span class='ocrx_word' id='word_1_121' title='bbox 861 1185 1002 1225; x_wconf 84' lang='lat' dir='ltr'><strong>deinde</strong></span> <span class='ocrx_word' id='word_1_122' title='bbox 1027 1183 1222 1234; x_wconf 84' lang='lat' dir='ltr'><strong>provincia</strong></span> <span class='ocrx_word' id='word_1_123' title='bbox 1246 1194 1348 1222; x_wconf 87' lang='lat' dir='ltr'><strong>con·</strong></span> 
     </span>
     <span class='ocr_line' id='line_1_18' title="bbox 66 1241 1345 1301; baseline -0.008 -10"><span class='ocrx_word' id='word_1_124' title='bbox 66 1252 220 1300; x_wconf 86' lang='lat' dir='ltr'><strong>stituta‚</strong></span> <span class='ocrx_word' id='word_1_125' title='bbox 261 1251 320 1290; x_wconf 90' lang='lat' dir='ltr'><strong>uti</strong></span> <span class='ocrx_word' id='word_1_126' title='bbox 354 1251 608 1291; x_wconf 85' lang='lat' dir='ltr'><strong>commodum</strong></span> <span class='ocrx_word' id='word_1_127' title='bbox 647 1247 869 1301; x_wconf 84' lang='lat' dir='ltr'><strong>properanti</strong></span> <span class='ocrx_word' id='word_1_128' title='bbox 906 1245 1057 1295; x_wconf 83' lang='lat' dir='ltr'><strong>fuerat,</strong></span> <span class='ocrx_word' id='word_1_129' title='bbox 1088 1244 1257 1285; x_wconf 86' lang='lat' dir='ltr'><strong>Romam</strong></span> <span class='ocrx_word' id='word_1_130' title='bbox 1293 1241 1345 1282; x_wconf 82' lang='lat' dir='ltr'><strong>ad</strong></span> 
     </span>
     <span class='ocr_line' id='line_1_19' title="bbox 63 1311 500 1364; baseline 0.005 -11"><span class='ocrx_word' id='word_1_131' title='bbox 63 1312 307 1364; x_wconf 82' lang='lat' dir='ltr'><strong>triumphum</strong></span> <span class='ocrx_word' id='word_1_132' title='bbox 331 1311 500 1355; x_wconf 83' lang='lat' dir='ltr'><strong>deceffit.</strong></span> 
     </span>
    </p>
   </div>
   <div class='ocr_carea' id='block_1_4' title="bbox 68 1404 1341 1568">
    <p class='ocr_par' dir='ltr' id='par_1_5' title="bbox 68 1404 1341 1568">
     <span class='ocr_line' id='line_1_20' title="bbox 125 1404 1341 1474; baseline -0.007 -11"><span class='ocrx_word' id='word_1_133' title='bbox 125 1430 148 1474; x_wconf 84' lang='lat'>§</span> <span class='ocrx_word' id='word_1_134' title='bbox 171 1430 294 1468; x_wconf 74' lang='lat' dir='ltr'><strong>Lxm.</strong></span> <span class='ocrx_word' id='word_1_135' title='bbox 324 1404 468 1465; x_wconf 31' lang='lat' dir='ltr'><strong>&#39;Suetom</strong></span> <span class='ocrx_word' id='word_1_136' title='bbox 493 1430 528 1461; x_wconf 85' lang='lat' dir='ltr'><strong>in</strong></span> <span class='ocrx_word' id='word_1_137' title='bbox 554 1427 640 1465; x_wconf 76' lang='lat' dir='ltr'><strong>Caes,</strong></span> <span class='ocrx_word' id='word_1_138' title='bbox 667 1427 747 1461; x_wconf 83' lang='lat' dir='ltr'><strong>Dio.</strong></span> <span class='ocrx_word' id='word_1_139' title='bbox 771 1426 885 1462; x_wconf 87' lang='lat' dir='ltr'><strong>Ifidor.</strong></span> <span class='ocrx_word' id='word_1_140' title='bbox 915 1426 1003 1460; x_wconf 83' lang='lat' dir='ltr'><strong>Plin.</strong></span> <span class='ocrx_word' id='word_1_141' title='bbox 1033 1435 1068 1469; x_wconf 79' lang='lat'><strong>31</strong></span> <span class='ocrx_word' id='word_1_142' title='bbox 1087 1449 1097 1465; x_wconf 90' lang='lat'>,</span> <span class='ocrx_word' id='word_1_143' title='bbox 1122 1434 1174 1459; x_wconf 72' lang='lat' dir='ltr'><strong>ta.</strong></span> <span class='ocrx_word' id='word_1_144' title='bbox 1199 1422 1273 1456; x_wconf 86' lang='lat' dir='ltr'><strong>Cic.</strong></span> <span class='ocrx_word' id='word_1_145' title='bbox 1297 1423 1341 1460; x_wconf 81' lang='lat' dir='ltr'><strong>ad</strong></span> 
     </span>
     <span class='ocr_line' id='line_1_21' title="bbox 68 1467 1335 1568; baseline -0.003 -61"><span class='ocrx_word' id='word_1_146' title='bbox 68 1474 279 1568; x_wconf 44' lang='lat' dir='ltr'><strong>sssstxii‘eivzn’.</strong></span> <span class='ocrx_word' id='word_1_147' title='bbox 290 1474 442 1554; x_wconf 55' lang='lat' dir='ltr'><strong>3113.21:Jic.</strong></span> <span class='ocrx_word' id='word_1_148' title='bbox 459 1473 656 1514; x_wconf 74' lang='lat' dir='ltr'><strong>Damascen.</strong></span> <span class='ocrx_word' id='word_1_149' title='bbox 683 1472 706 1520; x_wconf 71' lang='lat'><strong>5</strong></span> <span class='ocrx_word' id='word_1_150' title='bbox 724 1471 846 1507; x_wconf 80' lang='lat' dir='ltr'><strong>Lxlv.</strong></span> <span class='ocrx_word' id='word_1_151' title='bbox 862 1470 944 1505; x_wconf 84' lang='lat' dir='ltr'><strong>Dio.</strong></span> <span class='ocrx_word' id='word_1_152' title='bbox 959 1471 1034 1505; x_wconf 85' lang='lat' dir='ltr'><strong>Nic.</strong></span> <span class='ocrx_word' id='word_1_153' title='bbox 1045 1467 1242 1504; x_wconf 79' lang='lat' dir='ltr'><strong>Damascen.</strong></span> <span class='ocrx_word' id='word_1_154' title='bbox 1262 1467 1335 1542; x_wconf 53' lang='lat' dir='ltr'><strong>Ap·-</strong></span> 
     </span>
    </p>
   </div>
  </div>
 </body>
</html>
