1685 3042
298 190 388 236 206
463 191 1102 240 JOsFRElNSHEMll
1143 194 1519 248 SUPP'LEMs

297 297 458 345 pecunia
485 304 563 336 erat
593 311 715 348 opus;
746 299 956 349 quemlibet
981 300 1147 342 hostium
1173 299 1370 344 habebant
1388 320 1577 357 numero,

294 370 317 395 a
349 371 424 406 quo
457 357 519 397 illa
551 368 754 399 teneretur.
1421 393 1425 398 -

350 420 456 460 XLI.
487 420 629 460 Caffius
656 423 761 461 enim
788 425 821 462 Sc
845 423 985 463 Brutus
1007 436 1054 464 ex
1080 426 1170 466 Afiae
1192 427 1462 478 vestigalibus,
1485 431 1580 469 vici·

294 495 509 533 norumque
536 496 668 533 regum
697 494 814 534 atque
851 485 1127 526 tetrarcharum
1164 488 1392 538 collatione,
1419 504 1579 541 magnas

293 554 407 594 atque
430 552 577 595 paratas
602 545 799 585 habebant
823 559 941 595 opes:
966 547 1025 586 his
1051 548 1202 600 Europa
1224 551 1412 600 restabat,
1435 566 1577 601 vacua,

295 606 331 643 »Sc
360 606 554 644 continuis
582 605 761 644 exhausta
793 605 916 652 bellis.
957 605 1079 656 Igitur
1101 610 1201 648 inter
1221 611 1294 651 alia
1324 612 1417 652 saeva
1440 615 1475 653 ἃ
1503 627 1576 664 pu-

293 666 446 715 denda,
474 679 635 717 puerum
670 668 863 716 quendam
899 668 1051 707 virilem
1093 679 1223 721 togam
1254 672 1402 713 sumere
1433 687 1579 726 coege-

293 738 398 774 runt,
432 738 474 767 ut
502 737 683 779 tanquam
722 730 845 768 virum
879 732 1112 772 occiderent.
1155 735 1294 775 Atilius
1322 738 1352 777 is
1386 739 1480 786 fuit,
1510 739 1575 789 qui

295 791 575 829 deducentibus
610 804 698 830 eum
733 804 781 830 ex
815 804 921 831 more
964 795 1126 842 amicis,
1157 808 1317 848 repente
1348 800 1446 838 inter
1478 813 1580 845 con-¹

292 854 438 901 juratos
467 851 676 902 adscriptus
710 853 774 892 est.

343 915 465 954 XLII.
500 918 623 965 Atque
651 918 703 954 ita
728 916 918 956 desolatus
952 918 1043 969 fuga
1080 918 1271 961 servorum
1306 930 1420 973 atque
1455 925 1577 964 comi-

289 989 397 1025 tum,
423 991 512 1018 cum
538 993 586 1018 ne
610 990 733 1019 mater
758 982 915 1031 quidem
943 994 1031 1021 eum
1055 996 1132 1033 prae
1158 994 1261 1023 metu
1291 988 1511 1038 recepisset,
1535 989 1576 1027 in

291 1047 476 1078 m'ontana
499 1039 698 1090 confugit:
725 1053 817 1080 mox
838 1043 943 1080 farne
969 1053 1168 1093 premente
1184 1047 1374 1097 degressus
1391 1049 1429 1086 in
1454 1048 1579 1098 plani-

288 1100 404 1147 tiem,
429 1112 450 1138 a
471 1099 656 1151 plagiario
680 1102 848 1151 quodam
872 1103 1102 1154 interceptus
1120 1107 1196 1155 est,
1221 1107 1342 1161 (narn
1364 1109 1403 1147 id
1427 1123 1578 1160 quoque

293 1175 412 1212 genus
442 1176 510 1213 per
534 1164 679 1203 incerta
703 1174 921 1214 temporum
950 1166 1101 1216 grassari
1128 1171 1331 1219 coeperat>
1355 1174 1390 1211 δε
1416 1174 1578 1223 ergastu-

292 1224 330 1262 lo
358 1224 535 1265 inclusus.
567 1228 614 1265 At
648 1227 714 1265 ubi
745 1241 840 1277 puer
866 1229 1051 1268 delicatus
1080 1231 1273 1281 inopiam,
1299 1234 1574 1284 captivitatem,

292 1289 443 1328 labores
470 1290 566 1329 ultra
588 1293 755 1340 perferre
779 1305 855 1330 non
884 1293 1036 1342 potuit,
1066 1305 1153 1333 cum
1188 1294 1274 1344 ipsis
1297 1298 1576 1346 compedibus,

289 1352 487 1391 occasione
505 1362 656 1402 captata
672 1382 683 1399 ,
707 1354 889 1402 prorepsit
912 1355 951 1391 in
972 1355 1097 1402 viam,
1119 1357 1155 1394 δι
1170 1385 1181 1403 ‚
1208 1368 1296 1394 cum
1315 1357 1513 1396 indicasset
1537 1358 1576 1398 se

291 1414 632 1464 praetereuntibus,
664 1415 811 1454 occisus
841 1416 904 1454 est.
955 1416 1060 1455 Alius
1093 1419 1209 1456 etiam
1242 1419 1444 1468 impubes,
1478 1421 1573 1460 dum

290 1478 330 1515 in
358 1478 492 1515 ludum
525 1487 743 1526 commeat,
771 1491 858 1516 cum
885 1480 1097 1528 paedagogo
1126 1479 1193 1517 suo
1212 1509 1222 1527 ,
1246 1481 1310 1529 qui
1338 1493 1476 1531 corpus
1505 1496 1576 1532 pro

289 1551 410 1588 puero
451 1538 671 1586 objecerat,
709 1538 943 1578 interfectus.
988 1542 1111 1588 Atque
1145 1539 1227 1578 haec
1255 1541 1346 1580 talia
1378 1544 1520 1582 moveri
1553 1557 1577 1583 a

287 1600 486 1650 quolibet,
512 1600 577 1639 sed
607 1601 687 1650 geri
709 1600 784 1638 sine
810 1600 994 1639 consensu
1019 1601 1155 1641 Trium
1184 1614 1261 1640 non
1287 1612 1464 1652 poterant
1488 1617 1497 1643 :
1532 1615 1576 1643 ut

289 1664 447 1704 minime
473 1665 626 1702 credam
648 1662 842 1702 excusanti
867 1663 1049 1702 Caesarem
1072 1663 1212 1713 Dioni;
1235 1678 1467 1716 quamquam
1487 1668 1575 1707 sane

288 1725 436 1775 postea,
462 1737 551 1764 cum
581 1738 704 1764 rerum
732 1724 833 1764 solus
865 1726 1075 1776 potiretur,
1101 1726 1309 1777 benignum
1342 1730 1378 1768 ὁὶ
1402 1729 1575 1780 placabi-

288 1787 366 1827 lem
396 1788 433 1826 se
459 1787 649 1828 exhibuit.

344 1850 485 1891 XLHI.
527 1851 613 1900 jam
641 1852 745 1891 enim
781 1852 1123 1903 proscriptionibus
1160 1862 1226 1893 aut
1251 1854 1353 1893 bello
1383 1854 1572 1895 sublatum

287 1921 390 1960 erat,
420 1913 608 1963 quidquid
650 1913 796 1952 obstare
832 1915 1087 1953 dominationi
1129 1917 1210 1964 ejus
1239 1916 1431 1966 potuisset.
1461 1918 1575 1967 Equi-

288 1975 376 2012 dem
407 1974 510 2013 hunc
536 1975 817 2015 adolescentem
853 1977 931 2027 ipse
968 1977 1039 2017 Dio
1075 1978 1281 2026 hactenus,
1310 1993 1377 2029 pro
1403 1981 1575 2030 potentia

286 2036 470 2075 scelerum
503 2050 583 2076 non
617 2036 769 2088 segnem
808 2039 955 2090 ubique
990 2041 1250 2091 depinxerat:
1297 2044 1332 2080 δε
1374 2041 1460 2080 sunt
1499 2056 1574 2081 au-

291 2099 413 2136 dores
444 2099 549 2138 haud
579 2102 879 2149 contemnendi,
912 2110 1096 2152 tantoque
1121 2103 1279 2153 potioris
1304 2104 1341 2140 in
1365 2102 1437 2141 hac
1461 2104 1574 2143 causa

289 2159 401 2206 fidei,
438 2170 580 2211 quanto
618 2165 753 2204 enifius
783 2165 972 2204 extollunt
999 2167 1038 2205 in
1077 2167 1210 2205 ceteris
1249 2167 1501 2207 Octavianum
1533 2170 1572 2207 δε

287 2224 496 2273 mirantur,
527 2226 590 2276 qui
614 2225 786 2267 scribunt
800 2259 815 2277 ,
838 2243 911 2266 eum
933 2229 1079 2282 restiuffi
1102 2230 1237 2282 quidem
1257 2230 1476 2281 aliquamdiu
1501 2231 1574 2269 col-

287 2287 402 2340 legis,
427 2302 469 2325 rte
498 2303 568 2341 qua
594 2292 696 2341 fieret
715 2291 945 2344 proscriptio,
977 2293 1044 2344 sed
1073 2293 1243 2344 inceptam
1271 2292 1451 2342 exercui-'ffb
1478 2304 1575 2329 utro·

288 2363 352 2401 que
377 2351 546 2390 acerbius.
570 2350 615 2390 Id
651 2351 739 2391 sane
765 2353 1037 2399 concesserim,
1068 2367 1158 2392 eum
1190 2367 1267 2392 non
1303 2364 1378 2392 tam
1412 2353 1571 2403 indigna

290 2409 542 2460 perpetrasse,
564 2411 672 2453 sicuti
701 2412 891 2465 reliquos,
914 2413 982 2455 sed
1000 2414 1232 2466 percussores
1256 2416 1421 2455 maxime
1449 2414 1574 2454 Caesa-

337 2528 361 2575 S
385 2530 489 2567 XLII.
512 2530 621 2567 Tacit.
