1685 3042
315 189 409 247 '332
477 181 572 231 JO.
605 181 1104 231 FREINSHEMH
1144 183 1499 233 SUPPLEM.

311 293 407 342 quod
430 292 475 343 efl
501 305 632 340 eorum,
659 293 720 344 qui
747 294 787 346 [ὲ
813 293 964 346 peccaffe
989 293 1225 344 confitentur3
1250 292 1345 330 nihil
1363 292 1524 345 neceffi'cm
1548 294 1595 345 est

299 350 481 404 refellere,
502 368 576 405 quae
600 354 686 392 mihi
701 353 804 408 fizlfir
824 355 978 407 quidem,
1003 355 1229 407 fidspeciofi·
1253 353 1414 406 objecisti.
1445 355 1595 393 ceterum

300 412 394 462 ficut
417 413 462 450 ab
484 413 588 452 initio
612 429 664 452 me
695 426 844 452 conatus
866 428 902 452 es
922 414 1037 452 laedere
1052 443 1064 460 .,
1089 415 1143 452 ita
1169 415 1270 452 laedis
1303 415 1408 452 etiam
1431 415 1594 466 uocesque

306 473 348 511 in
367 475 566 527 praesentia.
594 477 720 529 quippe
730 478 769 528 fi
783 476 1002 514 conditiones
1027 476 1210 528 voluiffi’s,
1236 489 1309 515 erat
1322 477 1387 515 tibi
1407 492 1481 515 cum
1502 479 1594 515 irato

309 535 348 573 ἃ
362 535 483 575 νὶἑῖονε
495 539 741 590 pacisitendum
756 553 768 576 .·
785 552 877 575 rzurzc
897 540 1061 589 quando,
1075 540 1335 579 conditionibus
1354 538 1496 589 omffs,
1517 552 1597 576 meoe

298 596 390 646 fidei
411 599 583 650 permittis
609 600 725 636 omnia
738 627 749 646 ,
769 613 866 650 quem
887 599 995 635 armis
1018 614 1088 637 non
1103 599 1246 652 potuisti
1260 631 1274 647 ,
1284 602 1415 652 pudore
1434 601 1597 653 constrin-

301 659 388 710 gis,
410 673 449 698 ut
472 676 534 699 nec
558 662 686 699 irarum
710 662 863 713 amplius
879 661 998 714 poffim
1020 662 1082 714 effe
1108 677 1251 711 memor,
1265 678 1323 702 nec
1345 666 1397 701 uti
1417 665 1596 716 potestate,

303 733 431 771 quam,
444 722 480 771 fi
494 721 673 773 padione‘s
698 721 956 773 intervemffent
970 751 980 768 ,
1006 722 1185 774 neceff'ario
1205 738 1284 761 eras
1312 724 1537 776 concqfficrus.

360 782 507 822 XXVI.
533 783 616 822 Iam
639 798 718 822 vero
738 798 790 821 me
811 786 906 835 cogis
929 784 1074 822 oblitum
1097 798 1209 822 eorum
1224 815 1235 832 ‚
1253 800 1326 837 quae
1348 786 1588 838 commeruisti,

303 859 411 883 unum
439 847 675 884 tantummodo
711 846 892 899 respicere,
916 847 1002 900 quid
1025 861 1076 885 me
1107 849 1239 887 deceat.
1277 849 1368 887 hanc
1399 849 1485 886 enim
1506 863 1593 900 par·

300 915 368 941 tem
381 903 553 956 praefero,
580 917 652 944 tam
675 907 854 954 Deorum,
880 922 981 959 quam
1008 922 1083 945 mea
1110 907 1230 960 causa.
1254 909 1322 961 sed
1341 909 1529 960 &propter
1548 920 1596 955 te,

300 968 346 1006 L.
377 968 536 1016 Antoni,
563 969 726 1020 faciam,-
752 984 951 1023 operamque
987 972 1102 1017 dabo,
1129 986 1171 1008 ne
1195 971 1248 1021 fic
1280 971 1322 1008 de
1349 985 1400 1008 me
1417 969 1595 1022 judicaffi

296 1030 476 1081 poeniceat.
509 1031 580 1071 His
621 1031 722 1071 ultro
755 1024 931 1083 citruque
971 1032 1106 1079 dietis,
1138 1033 1240 1071 Lucii
1272 1032 1594 1084 magnanimitatem

302 1092 339 1130 δ’
358 1094 579 1144 prudentiam
605 1096 800 1133 admiratus
823 1097 936 1149 Cesar
966 1095 1027 1147 effi
1054 1094 1213 1143 dICitur3
1245 1094 1448 1148 viciffimque
1477 1095 1592 1148 Casa-

302 1155 355 1191 ris
380 1156 668 1204 moderationem,
691 1156 726 1194 G*
756 1158 958 1196 brevitatem
979 1158 1147 1210 sermonis
1178 1157 1216 1195 in
1243 1156 1454 1209 adolescente
1487 1158 1591 1193 trium

303 1218 341 1256 6³
361 1219 493 1272 viginti
518 1235 688 1258 annorum
716 1221 945 1258 admirationi
974 1220 1081 1272 finffe
1104 1221 1227 1260 Lucio.
1254 1220 1371 1259 ceteri
1398 1233 1510 1267 vern,
1534 1220 1593 1258 fa·

300 1280 446 1320 cientes
485 1294 530 1320 ex
563 1282 672 1320 vultu
706 1282 898 1333 utriusque
943 1284 1231 1330 conjecturam,
1267 1295 1347 1321 rem
1385 1282 1593 1320 commode

298 1343 529 1382 transactam
563 1343 662 1390 effe,
688 1346 768 1393 jam
797 1356 878 1384 tum
907 1345 1092 1385 fiduciam
1131 1344 1260 1384 salutis
1289 1345 1362 1383 suae
1387 1343 1594 1394 gaudium·

304 1417 381 1456 que
406 1416 674 1455 perceperunt.

369 1466 537 1506 XXVII.
583 1467 671 1506 Hoc
711 1469 881 1506 maxime
917 1467 1036 1506 modo
1071 1466 1217 1507 bellum
1254 1467 1472 1506 Perufinum
1508 1466 1591 1516 post

298 1539 428 1567 acrem
455 1527 694 1567 obsidionem
711 1557 722 1575 ,
741 1529 776 1567 &
800 1527 942 1567 multas
976 1527 1207 1567 inclusorum
1245 1529 1488 1577 eruptiones,
1507 1527 1593 1565 fini-

297 1598 381 1627 tum
412 1589 489 1636 est,
517 1588 621 1628 farne
658 1591 793 1629 coaeto
826 1590 875 1629 ad
902 1583 1141 1630 deditionem
1175 1589 1307 1630 Lucio.
1353 1588 1429 1628 Sed
1464 1589 1590 1628 statim

297 1666 321 1692 a
343 1651 539 1702 colloquio
571 1651 666 1691 miffi
694 1652 742 1691 ab
769 1651 889 1692 Lucio
914 1651 1060 1690 tribuni
1094 1660 1282 1690 venerunt
1307 1649 1356 1689 ad
1387 1648 1589 1700 Caesarem,

298 1712 474 1752 tefferam
498 1722 700 1764 petentes,
723 1712 970 1762 militumque
1004 1712 1157 1751 suorum
1191 1724 1394 1751 numerum
1427 1711 1591 1749 referen-

295 1784 369 1816 tes.
401 1778 466 1828 qui
495 1776 625 1827 postea
649 1788 804 1827 quoque
832 1789 915 1816 mos
938 1775 1130 1823 obtinuit,
1157 1785 1223 1823 ut,
1245 1776 1310 1825 qui
1345 1773 1516 1824 quotidie
1541 1771 1592 1810 fi-

298 1851 417 1889 gnum
444 1837 627 1887 petebant
657 1850 678 1877 a
712 1838 910 1888 principe,
950 1836 1183 1886 descriptum
1222 1834 1330 1874 s1mul
1360 1833 1589 1874 exhiberent

296 1911 501 1939 numerum
529 1912 685 1948 eorum,
708 1901 774 1950 qui
805 1910 887 1938 tum
923 1898 990 1938 sub
1017 1898 1128 1948 fignis
1156 1897 1285 1937 effent.
1324 1897 1473 1941 Caesar,
1497 1896 1586 1935 data

297 1960 452 2007 teffera,
471 1962 575 2010 jussit
595 1975 661 2002 eos
687 1962 852 2002 excubias
877 1962 991 1999 adhuc
1020 1974 1117 2012 agere
1135 1960 1244 2012 sblito
1274 1973 1389 2007 more,
1418 1970 1490 2006 ne,
1516 1957 1586 1998 sub

298 2026 455 2064 noctem
486 2023 707 2065 intromissis
735 2024 774 2063 in
800 2023 988 2074 oppidum
1018 2021 1225 2062 vietoribus
1243 2052 1253 2068 ‚
1283 2020 1429 2070 aliquid
1445 2029 1591 2070 ‘praeter

299 2086 417 2124 animi
443 2085 494 2125 sui
522 2085 750 2126 sententiam
778 2096 980 2137 gereretur.
1014 2084 1107 2125 Orta
1129 2082 1241 2131 luce,
1274 2081 1394 2122 Caesar
1430 2081 1588 2131 quidem

299 2147 536 2188 sacrificavit.
569 2158 607 2188 at
641 2149 778 2189 Lucius
812 2149 948 2188 eduxit
975 2147 1187 2186 exercitum
1229 2157 1317 2184 cum
1351 2145 1491 2191 armis,
1521 2143 1587 2182 sed

299 2210 494 2250 obvolutis
521 2213 556 2251 Sc
580 2212 731 2251 intectis
768 2211 838 2250 iter
864 2210 1088 2251 facientium
1123 2220 1240 2247 more.
1271 2206 1336 2246 ubi
1364 2219 1442 2245 non
1470 2205 1587 2257 longe

299 2273 506 2313 abfuerunt
532 2286 553 2312 a
586 2272 752 2322 Caesare,
777 2274 1015 2325 Imperatorem
1041 2271 1246 2311 salutarunt
1273 2268 1442 2308 eminus:
1474 2267 1586 2317 inde,

302 2336 442 2387 quibus
475 2347 582 2376 erant
606 2335 691 2386 jussi
708 2366 719 2384 ‚
754 2335 849 2376 locis
875 2348 941 2387 per
962 2334 1131 2386 legiones
1157 2332 1369 2372 constitere.

354 2450 376 2491 ξ
401 2450 524 2484 XXVI.
547 2451 621 2483 Liv.
640 2451 730 2494 Epit.
751 2453 895 2497 Appian.
915 2451 935 2497 5
958 2450 1101 2485 ΧΧΥΧῙ.
1127 2449 1201 2482 Liv.
1226 2448 1316 2492 Epit.
1334 2446 1414 2481 Dio.
1438 2444 1589 2490 Appiae,

305 2496 396 2531 Plut.
416 2497 448 2528 in
470 2494 598 2529 Lucull.
620 2507 648 2529 c.
671 2495 725 2538 58.
