1685 3042
230 190 307 236 IN
349 184 516 234 LOC.
555 186 692 231 LIB.
737 184 890 230 CXVI
941 187 1078 233 LIV.
1252 199 1316 249 79

90 296 136 336 V.
173 296 351 336 Praeterea
385 294 562 333 cohortes
592 292 813 342 praetorias,
839 290 977 340 quibus
1007 292 1163 341 stipatus
1192 290 1316 332 bello·-

35 369 123 396 sum
147 365 323 408 tempore
344 357 489 401 fuerat,
511 367 532 393 a
552 353 588 392 se
609 353 781 391 removit.
807 353 958 405 custodes
977 355 1129 405 corporis
1159 355 1211 392 uti
1228 355 1320 408 asci-

29 420 141 470 Jheret
177 419 309 458 amicis
348 415 626 462 monentibus,
665 412 869 462 multisque
902 411 940 451 se
980 411 1227 453 offerentibus
1265 415 1318 454 ad

37 479 205 519 officium
219 510 234 528 ,
264 476 476 527 respondit,
504 475 614 512 Semel
646 475 729 512 mori
752 474 929 526 praestare,
954 486 1056 524 quam
1067 473 1198 524 fimper
1221 473 1319 511 time-

34 555 82 580 re.
107 541 216 580 Die'ta
239 540 408 591 graviora
431 535 625 585 inhibere,
647 548 762 585 quam
776 534 989 583 vindicare,
1007 534 1153 576 maluit.
1182 535 1225 574 In
1241 536 1323 585 qui-

34 602 107 641 bus
140 605 175 641 Sc
203 605 248 642 A.
280 601 438 640 Caecinae
469 597 814 638 criminosissimum
836 596 1007 644 librum,
1039 598 1075 636 δε
1106 597 1163 637 Μ.
1192 597 1328 636 Otaci-

34 661 80 701 lii
99 662 262 702 Pitholai
291 661 459 701 carmina
486 659 843 698 maledicentissima
865 672 974 709 aequo
1000 660 1035 698 ἂ
1060 657 1164 696 civili
1188 659 1319 696 animo

36 723 136 762 tulit.
170 723 246 763 Sed
283 722 363 761 haec
393 733 470 763 tam
503 721 664 772 pulchra
701 723 736 761 ὃ(
765 720 958 760 laudanda
987 719 1175 771 plerisque
1212 719 1322 758 inso-

35 785 158 825 lenter
189 784 415 835 usurpandis
447 793 691 835 corruperat,
725 783 764 822 in
795 783 902 822 omni
937 782 1158 821 celebritate
1192 782 1327 820 trium-

36 847 193 900 phalem
218 848 358 886 vestem
385 847 566 894 indutus,
592 845 818 894 laurumque
844 852 1031 894 perpetuo
1059 843 1233 894 gestans:
1257 855 1325 893 quo

34 923 149 949 tamen
177 911 321 958 honore,
345 910 498 947 laetatum
530 910 606 946 ideo
634 908 803 961 praecipue
827 907 956 946 ferunt
971 936 982 952 ,
1010 908 1104 958 quod
1124 906 1260 959 molesta
1285 906 1322 945 C>

35 973 134 1010 dielis
157 972 313 1010 obnoxia
342 971 501 1010 calvitiei
528 970 728 1022 deformitas
746 970 799 1020 fic
824 970 1011 1021 tegebatur.

90 1032 152 1071 VI.
180 1031 255 1071 Sed
288 1030 409 1079 ipsum
447 1030 671 1070 occultandi
702 1029 867 1069 studium
900 1027 1058 1080 patebat
1091 1028 1326 1067 obtrectato-

37 1103 124 1129 rum
139 1092 236 1139 jocis
250 1121 263 1137 ,
296 1093 330 1130 Se
354 1090 457 1140 quod
478 1107 500 1128 a
521 1091 648 1128 Venere
663 1092 732 1142 fisa
746 1083 954 1143 praecipuum
965 1091 1091 1143 sormae
1110 1092 1217 1128 decus
1243 1092 1327 1128 ade·-

33 1165 134 1204 ptum
162 1152 237 1191 sese
262 1152 365 1191 credi
388 1151 564 1199 volebat,
596 1153 630 1190 Sc
660 1151 707 1189 de
733 1151 908 1188 maximis
933 1149 1143 1200 quibusque
1160 1151 1325 1199 negotiis

31 1212 161 1254 literas
178 1216 323 1254 Venere
349 1224 490 1254 armata
520 1213 764 1264 obsignabat,
794 1212 894 1252 hanc
918 1212 1147 1263 insculptam
1172 1213 1318 1252 annulo

36 1278 177 1329 gestare
210 1277 353 1318 solitus.
393 1277 480 1316 Fuit
515 1277 619 1315 enim
647 1277 785 1315 statura
818 1274 990 1323 excelsa,
1021 1274 1150 1313 colore
1183 1275 1315 1312 candi-

38 1341 90 1379 do
104 1371 115 1390 ,
137 1340 317 1379 teretibus
344 1341 525 1379 membris
543 1371 554 1388 ,
579 1352 644 1378 ore
670 1339 784 1389 paulo
806 1338 999 1389 pleniore,
1023 1339 1140 1388 nigris
1159 1336 1319 1388 vegetis-

39 1413 114 1450 que
134 1400 266 1439 oculis.
300 1401 376 1440 Sed
401 1402 435 1440 ἃ
456 1401 562 1439 cultu
588 1399 747 1439 notabili
766 1399 1039 1438 commendare
1058 1399 1223 1438 formam
1249 1398 1324 1437 stu.

37 1462 132 1501 dens
148 1491 159 1511 ‚
177 1464 254 1511 Jam
281 1461 376 1501 olim
398 1475 477 1500 non
502 1464 709 1500 evitaverat
737 1461 918 1507 dicteria,
944 1472 1034 1499 cum
1058 1463 1093 1499 &
1117 1459 1227 1498 rubei
1255 1473 1322 1498 co-

35 1523 127 1563 loris
147 1524 246 1563 veste
272 1532 461 1572 uteretur,
480 1523 655 1573 qualem,
683 1522 789 1562 Albae
815 1522 965 1573 regibus
993 1522 1124 1573 gestari
1146 1520 1320 1567 solitam,

36 1586 118 1637 ipse
142 1586 218 1634 Juli
245 1599 362 1637 genus
389 1586 571 1624 credebat
598 1586 646 1624 ad
681 1585 956 1636 sepertinere,
983 1586 1018 1624 δι
1053 1583 1216 1623 fluxiore
1243 1585 1325 1622 cin.

39 1651 168 1696 stura,
199 1649 238 1686 in
270 1661 382 1698 quam
412 1646 665 1686 memorabile
693 1647 886 1686 dictatoris
912 1643 1024 1686 Sulla:
1047 1646 1196 1685 dietum
1224 1645 1327 1693 fuit,

42 1709 339 1759 deprecantibus
359 1722 430 1760 pro
457 1708 598 1749 Caesare
628 1709 784 1756 amicis,
808 1723 928 1746 cavere
958 1706 1096 1756 jubens
1121 1707 1209 1746 male
1233 1721 1329 1760 prce-¹

39 1773 181 1810 ιίηέἵιιηι
201 1786 356 1824 puerum.

93 1832 176 1874 VII.
206 1833 318 1873 Unde
356 1834 391 1871 Sc
424 1831 580 1879 Cicero,
613 1830 696 1882 post
723 1830 835 1870 civile
868 1828 1011 1868 bellum
1051 1828 1325 1879 interrogatus,

39 1898 206 1949 quomodo
230 1897 268 1934 in
298 1896 454 1934 eleblione
476 1895 592 1946 partis
624 1893 781 1945 erraffit,
813 1893 1045 1930 Praecinaara
1062 1920 1073 1939 ,
1100 1892 1250 1940 inquit,
1275 1907 1326 1931 me

32 1958 180 2012 feftllit.
210 1959 282 1998 Sed
316 1957 398 1996 haec
425 1966 530 1995 erant
571 1969 647 2006 prae
673 1955 755 2003 his,
775 1967 857 2005 quae
886 1954 1115 2004 sequuntur,
1148 1954 1328 1994 tolerabi-

40 2020 105 2060 lia.
144 2022 320 2071 Namque
352 2019 564 2066 sacrificiis,
594 2018 888 2063 certaminibus,
921 2018 1032 2057 donis
1062 2018 1165 2056 circa·
1192 2019 1323 2057 omnia

39 2082 185 2134 templa
221 2085 257 2122 δι
290 2081 374 2121 loca
416 2080 594 2131 publica,
635 2094 702 2131 per
735 2079 897 2131 lingulas
931 2081 1048 2119 tribus
1092 2080 1322 2123 colebatur:

43 2145 203 2185 delubra
229 2157 379 2195 quoque
409 2143 608 2194 complura
633 2143 667 2182 ei
689 2142 1007 2189 decernebantur*
1026 2141 1324 2181 senatusconsul-

43 2218 112 2249 to:
140 2209 377 2259 eandemque
403 2207 613 2254 insaniam,
647 2206 695 2244 ad
728 2204 952 2255 exemplum
988 2204 1120 2252 urbis,
1151 2205 1326 2244 civitates

43 2270 223 2321 regesque
251 2270 345 2309 socii
372 2268 621 2309 insaniebant.
651 2267 734 2317 Ipse
760 2268 922 2314 liberator
945 2266 1181 2313 vocabatur,
1203 2267 1323 2306 relato

44 2332 85 2372 in
113 2332 226 2371 fastos
259 2330 415 2377 nomine
438 2343 448 2370 :
478 2328 741 2379 templumque
769 2327 936 2367 libertati
961 2326 1162 2366 Iocabatur
1195 2327 1321 2377 publi-

96 2448 117 2486 ,Ε
137 2448 181 2480 V.
205 2448 292 2481 Plut.
312 2448 346 2480 in
370 2445 454 2479 Caes.
477 2446 548 2479 Cic.
572 2444 725 2476 familiar.
753 2442 794 2483 6,
813 2453 846 2481 7.
865 2443 1017 2477 Macrob.
1042 2443 1208 2474 Saturnal.
1227 2452 1268 2484 2,
1284 2448 1322 2479 2.'

50 2491 191 2528 sueton.
214 2493 248 2524 in
267 2491 351 2524 Caes.
375 2503 404 2525 c.
419 2492 480 2533 46.
505 2491 528 2535 5
552 2490 611 2527 Vl.
633 2490 713 2523 Dio.
738 2490 879 2524 Sueten.
903 2488 938 2521 in
968 2486 1053 2521 Caes.
1076 2498 1107 2521 c.
1127 2486 1184 2527 76.
