1685 3042
304 226 403 277 '214
475 216 564 265 JO.
598 215 1101 264 FREINSHEMII
1141 217 1503 268 SUPPLEMs

307 325 358 362 tls
388 324 529 363 stolidae
560 323 778 363 crudelitati
812 323 979 364 militum
1015 324 1117 364 fuit?
1138 337 1275 364 manus
1303 339 1482 376 quoque,
1506 324 1598 365 scri·

307 385 416 435 pfiffe
442 387 484 424 in
515 385 729 425 Antonium
760 384 905 436 aliquid
943 386 1243 436 exprobrantes,
1272 396 1532 437 amputarunt.

364 446 505 488 LXIII.
535 447 595 488 Ita
622 447 784 487 relatum
818 455 935 498 caput
968 448 1018 487 ad
1043 435 1288 498 hntonium,
1314 449 1489 500 jussuque
1514 451 1598 499 ejus

309 507 409 548 inter
429 510 522 549 duas
537 523 687 559 manu3‚
703 517 897 548 tantorum
914 521 1074 559 operum
1089 510 1272 550 ministras
1283 541 1294 560 ,
1308 511 1348 549 in
1363 511 1486 550 rostris
1499 510 1597 561 pofi.

309 578 417 619 tum,
439 570 504 610 ubi
529 570 594 610 ille
617 569 772 618 consul,
798 570 867 609 ubi
893 567 991 620 saepe
1012 571 1240 625 consularis,
1269 573 1336 612 ubi
1362 586 1408 612 eo
1434 572 1515 624 ipso
1531 585 1598 612 an-

308 644 362 671 no
388 632 564 672 adversus
588 632 821 680 Antonium,
845 640 986 681 quanta
1010 632 1116 687 nulla
1142 646 1314 684 unquam
1331 635 1501 675 humana
1517 647 1598 676 vox

309 706 400 732 cum
423 695 679 733 admiratione
706 693 960 744 eloquentiae,
983 694 1136 734 auditus
1154 696 1291 735 fuerat.
1318 695 1395 735 Vix
1419 693 1600 735 attollen-

310 764 368 794 tes
395 769 471 807 prae
507 756 676 796 lacrimis
714 756 850 796 oculos
877 756 1056 796 homines
1090 759 1230 797 intueri
1259 758 1446 797 trucidata
1477 770 1598 797 mem-

308 817 377 857 bra
421 820 504 868 ejus
535 827 714 870 poterant
740 827 1068 871 :ceterorumque
1106 821 1230 860 caedes
1267 822 1436 872 privatos
1472 820 1598 861 Iustus

308 882 594 931 excitaverunt3
622 882 705 922 haec
727 895 804 923 una
839 896 1102 924 communem.
1135 885 1225 924 Hoc
1249 891 1328 923 tam
1351 883 1496 923 infame
1523 880 1601 922 mi-

306 945 500 984 nisterium
542 946 584 986 C.
611 946 799 996 Popillius
838 947 967 987 Laenas
998 947 1066 987 fibi
1096 960 1166 998 pro
1205 946 1395 987 beneficio
1424 946 1600 997 depopo-

307 1005 428 1044 scerat
444 1037 455 1055 ,
476 1006 570 1046 olim
594 1009 633 1046 in
657 1008 767 1047 causa
794 1011 963 1049 maxime
990 1009 1106 1050 dubia
1131 1023 1153 1050 a
1176 1010 1233 1051 M.
1257 1009 1446 1049 Cicerone
1466 1007 1601 1048 defen-

306 1067 379 1108 sus.
404 1070 478 1109 Sed
492 1100 504 1119 ,
522 1071 649 1121 capite
663 1070 740 1110 viso
760 1071 958 1112 Ciceronis
970 1103 981 1122 ,
999 1072 1225 1113 exclamaffe
1243 1073 1458 1114 Antonium
1473 1073 1598 1121 ajunt,

305 1145 399 1170 nunc
417 1135 591 1184 perallam
612 1133 673 1186 eff&
692 1135 973 1188 proscriptionem
994 1138 1111 1191 fitam.

364 1192 500 1233 LXIV.
519 1195 619 1235 Nam
640 1195 826 1235 continuo
854 1198 958 1247 post,
984 1206 1172 1248 patratam
1193 1199 1337 1237 caedem
1351 1229 1363 1247 ‚
1382 1196 1490 1236 velut
1515 1195 1596 1235 re'm

308 1251 536 1293 laetiffimam
553 1287 567 1303 ‚
592 1256 772 1306 Popillius
797 1259 833 1297 ἃ
856 1271 924 1308 per
956 1261 1172 1299 veredarios
1201 1267 1321 1307 terra,
1351 1260 1386 1299 δι
1412 1257 1505 1297 mari
1529 1269 1598 1307 pet

309 1314 519 1354 dromones
548 1317 802 1357 nuntiandam
837 1329 1060 1361 curaverat:
1090 1321 1231 1360 deinde
1255 1319 1358 1371 ipse,
1387 1319 1596 1359 adveniens

309 1374 350 1413 in
379 1375 533 1425 forum,
559 1389 750 1428 caputque
790 1388 925 1420 tenens
954 1395 1096 1428 manu,
1135 1381 1280 1421 sedenti
1316 1394 1385 1431 pro
1413 1377 1598 1419 tribunali

309 1438 477 1476 Antonio
501 1440 724 1480 monstravit
747 1442 934 1491 quatiens.
955 1445 1004 1482 At
1028 1443 1092 1483 ille
1118 1443 1320 1483 exsultavit
1340 1456 1413 1493 prae
1431 1441 1599 1492 gaudi0‚

303 1499 440 1550 saepius
474 1501 684 1541 cachinnos
723 1516 929 1543 revocans:
962 1505 1188 1555 hominique
1216 1504 1449 1544 exsecrando
1481 1516 1597 1542 coro-

303 1577 396 1602 nam
425 1564 634 1615 imposuit,
661 1575 845 1617 tanquam
874 1567 939 1617 qui
978 1568 1188 1606 maximum
1226 1567 1403 1606 omnium
1429 1569 1465 1606 ἃ
1487 1565 1596 1605 velut

307 1626 568 1666 decumanum
599 1628 743 1668 hostem
789 1629 896 1669 suum
936 1629 1143 1670 sustulisset.
1191 1631 1391 1680 Tantaque
1421 1629 1491 1669 fuit
1519 1636 1598 1667 tur.

303 1689 446 1741 piffimi
473 1690 630 1730 latronis
658 1692 908 1742 improbitas,
935 1702 979 1732 ut
999 1693 1204 1744 imaginem
1227 1693 1330 1732 suam
1356 1700 1596 1738 coronatam,

304 1753 413 1800 juxta
447 1761 563 1804 caput
604 1754 801 1793 Ciceronis
844 1757 884 1794 in
916 1755 1040 1794 rostris
1081 1765 1346 1806 proponeret:
1401 1763 1507 1795 tanta
1539 1756 1597 1793 in.

304 1813 419 1864 super
458 1814 614 1855 summae
644 1816 903 1867 improbitatis
940 1818 1044 1867 apud
1076 1817 1352 1868 spurciffimum
1390 1817 1594 1867 imperato.

302 1887 383 1914 rem
410 1877 549 1925 gratia,
571 1885 613 1916 ut
642 1877 849 1928 decuplum
876 1878 922 1918 ab
950 1880 1117 1919 Antonio
1141 1880 1338 1929 praernium
1362 1886 1585 1928 reportaret.

358 1940 479 1980 LXV.
509 1941 626 1981 Hunc
666 1943 812 1981 exitum
843 1940 991 1981 sortitus
1027 1942 1079 1981 est
1111 1943 1169 1982 M.
1206 1942 1339 1981 Cicero
1374 1950 1462 1980 ante
1489 1941 1593 1980 diem

303 2000 375 2041 VII
408 2002 499 2041 Idus
527 2002 713 2042 Decemb.
741 2012 783 2042 ut
809 2003 902 2043 Tiro
936 2002 1093 2043 libertus
1129 2005 1211 2052 ejus
1243 2004 1435 2042 memoriae
1465 2002 1595 2052 prodi-

302 2063 370 2102 dit.
398 2064 502 2102 Vixit
529 2072 602 2103 tres
634 2067 668 2104 &
700 2064 896 2116 sexaginta
926 2077 1069 2111 annos,
1100 2074 1162 2113 ut,
1193 2065 1216 2104 si
1242 2066 1297 2104 vis
1318 2064 1520 2113 abfuisset,
1543 2077 1594 2103 ne

301 2125 507 2164 immatura
543 2127 699 2176 quidem
732 2140 834 2166 mors
864 2128 980 2167 videri
1013 2127 1142 2177 poffit:
1172 2128 1390 2178 ingenium,
1412 2129 1447 2166 ἃ
1467 2128 1594 2177 operi-

301 2186 398 2234 bus,
419 2188 454 2227 ἃ
481 2188 645 2238 praemiis
668 2202 830 2239 operum
857 2188 967 2239 feIix,:
991 2188 1069 2239 ipse
1098 2189 1258 2228 fortunae
1285 2189 1350 2228 diu
1377 2187 1587 2239 prosperae:

297 2248 415 2288 facies
454 2250 489 2288 ei
520 2251 660 2290 decora
699 2252 747 2290 ad
774 2251 1035 2298 senectutem,
1067 2253 1102 2291 ἃ
1137 2250 1343 2290 commoda
1385 2249 1588 2301 permansit

296 2309 478 2350 valetudo
499 2324 508 2351 :
542 2319 623 2351 tum
649 2325 724 2364 pax
756 2313 929 2361 diutina,
953 2314 1064 2362 cujus
1088 2313 1286 2353 instruetus
1307 2322 1387 2352 erat
1414 2311 1587 2361 artibus,

346 2441 367 2484 ξ
393 2440 497 2473 LXII.
527 2441 671 2485 Appian.
698 2442 808 2476 Aufid.
835 2443 918 2476 Bass‘.
948 2455 1003 2486 ap.
1028 2444 1144 2476 Senec.
1171 2443 1259 2477 Plut.
1287 2443 1308 2487 §
1336 2441 1454 2476 LXIII.
1483 2443 1589 2476 Corn.

302 2486 422 2517 Sever.
443 2498 497 2529 ap.
514 2486 629 2519 Senec.
654 2487 729 2519 var.
745 2488 838 2522 Max.
858 2499 935 2529 5,3.
964 2489 1081 2521 Senec.
1110 2487 1239 2523 suasor.
1254 2488 1275 2522 6
1291 2488 1324 2522 &
1353 2501 1400 2530 ¹7·
1423 2489 1445 2534 §
1468 2488 1587 2525 LXIV.

297 2532 445 2574 Appiam.
469 2531 556 2564 muz.
580 2533 612 2564 in
634 2531 764 2568 Anton.
786 2544 817 2567 c.
838 2536 891 2568 26.
919 2532 1039 2568 Euseb.
1064 2533 1192 2568 Cliton.
