1685 3042
251 201 329 247 IN
375 198 542 246 Loc.
592 198 919 245 L113.cx1v
953 200 1102 247 ων.
1209 190 1219 199 ”
1276 209 1337 265 29

62 308 166 347 (tum
197 319 328 345 eorum
364 317 503 356 pavore
534 302 810 342 auferebantur.
852 303 927 343 Sed
960 303 1025 342 ubi
1055 304 1153 354 juffu
1184 305 1340 346 Caesaris

58 369 301 419 transportati
342 368 427 407 sunt
459 379 505 406 ex
537 366 647 406 Italia
681 365 880 414 nonnulli,
908 366 1098 416 frequenti
1133 367 1269 408 horum
1299 372 1338 410 &2

57 430 219 469 innoxio
250 429 332 468 visu
363 428 449 478 equi
475 428 609 466 timere
647 427 845 466 desierunt.
879 426 1034 466 Interim
1068 427 1234 467 adventu
1268 429 1336 469 suo

53 504 122 542 per
152 492 294 542 oppida
329 490 492 528 nuntiari
518 489 615 538 juss'o
633 519 644 538 ,
672 487 812 527 multos
837 489 980 527 excivit
1015 488 1159 537 Caesar‚
1193 500 1258 538 ut,
1284 495 1337 531 ad

53 566 142 593 eum
158 555 359 601 adeimtes,
373 555 415 590 de
429 552 610 590 acerbitate
624 549 910 603 Pompejanorum
929 559 1184 599 quererentur.
1204 551 1337 591 haete—

52 629 125 655 nus
147 617 249 655 enim
278 629 357 654 non
383 614 532 665 ipsum,
563 613 626 652 sed
661 612 827 663 aliquem
851 611 1064 662 legatorum
1089 615 1170 663 ejus
1195 615 1335 653 venifl'e

54 678 306 717 crediderant.

106 738 194 778 XV.
212 737 310 786 Ille,
331 745 457 776 motus
480 736 684 775 hominum
708 734 892 785 querelis,
917 736 952 774 &c
972 727 1221 776 vastationem
1237 737 1334 776 Afri-

52 813 105 840 cae
122 831 134 850 ‚
160 813 242 850 quae
278 799 533 838 miserandum
568 798 610 837 in
636 798 795 837 modum
825 797 1057 846 vexabatur,
1082 811 1160 837 non
1189 799 1339 848 serem„

52 862 183 902 literas
211 862 250 901 in
285 862 456 902 Siciliam
484 862 603 910 mifit,
627 861 680 899 uti
698 862 773 912 fine
799 861 1022 913 excusatione
1057 862 1178 900 hiemis
1214 875 1334 900 ventoa

51 939 189 977 rumque
216 925 385 977 confistim
411 925 623 977 trajiceretur
649 924 829 964 exercitus.
856 931 1011 973 eratque
1038 923 1067 962 is
1102 925 1215 963 ardor
1234 925 1327 972 viri,

50 996 94 1026 ut
119 987 320 1036 postridie,
354 999 469 1035 quarn
500 985 679 1024 nuntium
715 985 888 1035 miserat,
921 986 1054 1025 oculos
1085 995 1332 1038 mentemque

49 1048 100 1087 ad
131 1061 233 1087 mare
269 1049 451 1086 diretf'tam
488 1056 645 1095 tenens,
674 1062 772 1086 morae
803 1049 1096 1101 cum‘lationifique
1125 1047 1210 1087 suos
1243 1049 1334 1087 inli-

48 1109 223 1149 mularet.
264 1109 469 1149 Mordebat
499 1110 727 1148 acerrimum
751 1110 1049 1159 imperatorem,
1077 1110 1179 1159 quod
1204 1122 1330 1160 neque

47 1171 236 1222 suppetias
260 1171 313 1209 ire
333 1171 450 1210 fidem
472 1171 576 1209 suam
606 1170 901 1220 implorantibus
929 1178 1095 1220 poterat,
1125 1173 1159 1209 δε
1184 1171 1330 1221 Scipio-

45 1234 104 1272 nis
138 1231 401 1271 insultationes
435 1230 600 1281 aspicere
624 1230 800 1280 quotidie
834 1240 949 1279 atque
977 1229 1074 1268 ferre
1106 1230 1327 1279 cogebatur.

108 1291 212 1331 XVl.
228 1293 328 1331 Nam
349 1290 413 1329 ille
427 1323 440 1339 ,
455 1290 712 1341 superioribus
738 1289 886 1340 proeliis
905 1289 1058 1328 suorum
1081 1288 1221 1338 elatus,
1238 1303 1331 1335 cum

43 1368 111 1406 per
147 1354 296 1405 aliquot
331 1354 535 1393 continuos
572 1354 652 1392 dies
689 1365 766 1391 non
799 1351 914 1402 longe
953 1365 974 1391 a
1003 1351 1076 1391 suis
1113 1352 1235 1390 castris
1270 1353 1326 1391 in..

42 1417 178 1457 struc'ta
207 1417 288 1455 acie
315 1415 495 1464 stetisset,
515 1428 640 1466 neque
670 1414 790 1455 Caesar
814 1423 946 1454 contra
973 1415 1118 1462 exiret,
1153 1425 1328 1454 contem-

45 1487 88 1518 to
111 1480 267 1518 tandem
293 1476 399 1517 hoste
424 1479 473 1517 ad
499 1477 614 1517 castra
641 1477 741 1516 illius
767 1489 855 1516 cum
878 1477 1072 1528 explicata
1096 1477 1176 1516 acie
1196 1479 1231 1518 &
1253 1478 1329 1517 ele.

44 1542 198 1594 phantis
226 1541 414 1592 proceffit.
442 1544 490 1581 At
518 1540 639 1580 Caesar
666 1540 790 1579 castris
815 1540 971 1579 tenebat
998 1539 1104 1588 suos,
1128 1553 1210 1591 quae
1233 1553 1327 1580 con.

45 1612 103 1642 tra
134 1601 344 1652 quamlibet
367 1602 442 1640 vim
469 1602 650 1649 hostium,
671 1614 830 1651 operum
847 1609 1202 1651 tormentorumque
1227 1602 1326 1640 mul-

43 1664 209 1703 titudine
245 1666 280 1704 Sc
313 1664 516 1713 firmitate,
542 1665 577 1703 δι
601 1665 688 1714 quia
711 1663 871 1715 praesens
898 1663 975 1714 ipse
1001 1671 1104 1711 erat,
1130 1662 1216 1702 satis
1242 1676 1326 1703 mu,

45 1725 206 1765 niverat.
237 1726 372 1775 Neque
400 1727 448 1764 de
471 1725 629 1765 vietoria
661 1725 762 1764 male
783 1724 933 1775 sperans
959 1724 1056 1763 intra
1080 1724 1221 1763 vallum
1247 1738 1326 1764 ma.

43 1789 171 1828 nebat.
200 1789 275 1829 Sed
303 1791 392 1838 quia
422 1802 509 1828 cum
532 1789 665 1838 paucis
689 1787 928 1827 &tironibus
950 1787 1101 1826 vincere
1126 1787 1200 1825 sine
1223 1787 1327 1826 mul-

43 1858 84 1889 to
120 1849 275 1889 suorum
315 1849 497 1899 sanguine
538 1849 746 1899 nequibat,
779 1857 891 1899 turpe
935 1849 1114 1895 rebatur,
1151 1848 1233 1898 post
1264 1855 1326 1887 tot:

43 1911 213 1950 devictos
237 1910 401 1949 hostium
425 1911 632 1957 exereitus,
651 1922 739 1948 cum
764 1910 915 1960 reliquis
930 1920 1166 1960 pugnantem
1191 1921 1324 1948 cruen-

42 1981 121 2012 tam
153 1973 355 2012 existimari
391 1972 556 2012 retulisse
585 1972 795 2011 victoriam.

122 2029 252 2074 XVII.
281 2033 325 2073 In
363 2046 408 2072 eo
445 2034 538 2072 statu
571 2045 695 2071 rerum
733 2031 824 2070 licet
855 2029 1022 2081 superior
1057 2030 1185 2081 Scipio
1216 2030 1319 2069 vide-

45 2102 175 2143 retur,
209 2093 320 2132 multi
345 2102 472 2132 tamen
507 2106 554 2132 ex
588 2092 712 2131 castris
739 2094 820 2141 ejus
850 2092 1122 2142 profugiebant
1146 2090 1326 2130 Numidae

47 2157 285 2206 Gaetulique:
321 2168 484 2206 quorum
514 2155 579 2193 alii
606 2154 830 2204 repetebant
857 2154 1020 2201 domos,
1048 2153 1111 2191 alii
1141 2152 1177 2190 se
1208 2150 1327 2190 trans-

46 2221 218 2260 ferebant
249 2221 298 2259 ad
320 2219 531 2268 Caesarem,
557 2232 671 2269 quem
704 2218 872 2259 C.Marii
900 2219 1051 2256 affinem
1078 2215 1151 2254 effe
1178 2217 1323 2254 didice=

44 2293 149 2331 rant3
185 2284 292 2332 cujus
331 2283 477 2332 magnis
515 2279 711 2319 beneficiis
740 2280 808 2331 ipsi
846 2278 1054 2329 majoresve
1081 2291 1212 2317 eorum
1240 2277 1322 2314 suen

43 2351 128 2382 rant
155 2343 220 2382 ufi.
266 2343 417 2383 Horum
449 2341 677 2381 illustrioresvv
697 2339 884 2391 quosdam
915 2340 1033 2379 mittit
1065 2351 1154 2378 cum
1180 2337 1317 2385 literis,

90 2460 112 2504 ς
135 2459 226 2492 x1v.
248 2460 374 2492 Auaor
398 2460 437 2493 de
459 2461 495 2495 Β.
512 2460 617 2495 Afric.
643 2459 787 2505 Appian.
809 2458 889 2493 Dio.
912 2458 933 2504 ς
953 2438 1152 2494 xv1.1³1ut'.
1177 2457 1212 2489 in
1236 2453 1321 2490 σεῖ’,

46 2505 172 2545 Auster
203 2505 242 2539 de
268 2505 305 2538 B.
329 2504 435 2540 Afric.
