1685 3042
234 223 311 271 IN
347 221 517 271 LOC.
558 218 1094 266 L113.CXXV1L1V.
1230 225 1321 281 331·

47 333 126 387 tosa
153 332 382 385 cogitatione,
408 329 502 369 nibil
521 327 608 380 ff,
630 326 723 378 quod
741 339 805 376 pro
827 325 998 376 republica
1023 325 1137 365 moliri
1161 324 1219 364 vel
1244 337 1324 362 cum.

47 395 242 447 discrimine
277 409 347 432 non
377 402 531 443 oporteat
553 391 588 428 δ’
621 388 816 427 Antonium
850 388 885 427 G·
910 388 1079 440 consulem
1094 417 1105 435 ‚
1140 386 1175 424 6·
1198 399 1323 439 progeff

48 457 137 493 niem
158 454 232 510 ejus
256 454 443 500 Herculis,
472 451 532 503 qui
555 464 647 488 unus
674 449 826 487 omnium
855 448 1098 498 laboriofiffime
1127 460 1249 487 contra
1268 447 1325 484 in-

41 516 153 568 justas
172 515 428 554 dominationes
460 512 653 551 dimicavit.
681 513 768 550 Haec
794 509 829 547 δ’
852 524 935 548 vera
960 510 1043 547 belli
1066 509 1168 562 hujus
1193 509 1323 561 causa,

41 578 80 628 fi
99 577 186 628 quid
206 576 292 614 milzi
320 574 454 622 credis,
477 575 512 613 δ’
526 573 608 625 fiala
633 573 687 624 efl.
715 571 826 610 Nilzil
853 571 909 609 lzic
932 584 983 608 me
997 569 1135 622 frater,
1157 570 1248 608 nihil
1264 578 1329 607 aut

49 640 206 678 Manius
241 639 373 684 movit,
406 648 469 675 aut
497 636 657 674 Fulvia:
690 648 732 672 ne
761 632 884 685 divisio
920 631 1054 685 quidem
1089 644 1265 682 agrorum,
1292 631 1330 668 6·

44 700 143 753 pulfi
163 699 418 753 poffiffionibus
430 698 510 750 fitis
536 699 746 735 innocentes.
777 709 861 733 nam
881 693 915 732 6⁴
940 707 991 731 me
1008 695 1160 740 auclore,
1183 691 1329 729 colonica

41 761 195 815 fi'aterni
225 761 351 800 mil.·'tis
375 762 522 799 deduc‘lae
542 760 639 812 fimt-

108 830 257 872 XXIV.
299 832 351 869 Tu
385 824 495 868 &sideri
523 829 660 881 causam
689 841 763 866 eam
791 839 958 866 armorum
991 823 1150 877 voluisti,
1178 834 1218 861 ut
1241 833 1333 860 vete-

52 908 160 932 ranos
179 892 244 931 tibi
270 892 512 944 conjungeres,
533 904 671 943 quorum
691 890 832 942 praemia
849 903 912 941 per
934 902 982 926 me
1008 886 1128 927 vocari
1153 886 1189 923 in
1211 883 1332 937 discri-

53 969 128 993 men
152 954 332 1006 arguebas.
377 957 460 993 Hoc
485 954 549 991 tibi
573 952 826 1004 vaframentum
857 951 942 989 utile
964 951 1014 987 ad
1043 945 1334 998 viHoriamfitit;

54 1019 135 1056 dum
160 1033 176 1055 e
199 1032 232 1055 re
254 1030 316 1055 tua
339 1029 433 1064 erat,
459 1030 496 1054 ut
522 1016 650 1054 milites
676 1017 727 1053 tui
747 1030 797 1052 me
822 1027 985 1066 tanquam
1007 1014 1129 1065 hostem
1156 1009 1334 1063 insenfiffi-

56 1095 146 1130 mum
171 1080 327 1132 odlffent.
349 1082 405 1119 At
421 1094 531 1125 nunc,
550 1091 658 1131 parta
675 1078 840 1125 victoria,
861 1092 929 1114 non
955 1077 1019 1128 est,
1037 1087 1075 1112 ut
1090 1076 1128 1112 in
1150 1089 1199 1111 me
1221 1071 1337 1124 hostili

9 1155 12 1167 ¹
48 1144 102 1194 fis
119 1142 256 1190 animo,
277 1142 344 1193 nisi
362 1140 396 1178 δ’
416 1142 568 1194 patriam
595 1140 729 1179 oderis:
755 1154 836 1177 nam
850 1153 915 1190 pro
937 1137 1040 1190 hujus
1064 1137 1217 1183 libertate
1233 1134 1335 1185 fizbla

51 1201 157 1256 futffe
182 1216 205 1239 a
226 1216 275 1239 me
295 1202 411 1239 omnia
443 1201 595 1254 reperies.
628 1202 747 1252 Atque
781 1201 850 1239 haec
876 1199 935 1236 ille
965 1212 1024 1249 ego
1050 1199 1152 1244 dico,
1180 1196 1239 1248 qui
1262 1188 1335 1232 'non

57 1264 219 1317 nesciam,
240 1264 278 1301 in
299 1276 360 1302 tua
384 1277 476 1301 nunc
491 1263 653 1315 potestate
675 1276 725 1299 me
747 1260 833 1313 effi:
856 1261 945 1298 unde
962 1290 973 1307 ‚
989 1259 1127 1310 quidde
1145 1269 1177 1295 te
1197 1256 1337 1308 judica-

57 1326 165 1368 verim
176 1357 189 1374 ‚
203 1337 368 1378 apparet,
390 1326 536 1377 quidque
553 1338 642 1361 nunc
654 1323 828 1376 jndicem,
843 1321 947 1374 solus
968 1321 1018 1357 ad
1042 1332 1073 1357 te
1093 1319 1248 1356 veniens.
1265 1317 1339 1355 Sed

58 1387 100 1424 de
113 1401 162 1425 me
176 1385 249 1437 ipsb
269 1386 443 1422 hactenus.
469 1385 563 1435 quod
579 1394 693 1420 autem
709 1383 863 1428 amicos,
887 1393 989 1432 atque
1007 1382 1089 1418 adeo
1111 1390 1219 1416 totum
1242 1392 1338 1415 exer-

54 1451 162 1488 citum
182 1448 310 1486 attinet
323 1477 333 1494 ,
353 1447 420 1497 nisi
435 1446 612 1497 consilium
628 1460 650 1482 a
674 1458 722 1482 me
741 1443 926 1497 profeffum
938 1457 999 1495 pro
1011 1442 1165 1496 suspeflo
1188 1440 1335 1493 respuis,

58 1523 261 1563 magnopere
283 1509 345 1546 tibi
370 1508 430 1555 sim
450 1508 588 1554 auHor,
619 1521 659 1544 ne
688 1506 754 1546 lzac
778 1505 886 1557 causa
912 1504 1072 1555 cuiquam
1095 1502 1240 1540 nimium
1266 1502 1339 1539 ira-

52 1571 180 1626 scaris.
204 1570 307 1608 etiam
335 1581 415 1607 tuos
443 1567 647 1621 effuderis,
669 1569 706 1619 fi
734 1569 819 1606 adeo
854 1565 1093 1621 implacabilia
1130 1567 1254 1604 doceas
1276 1563 1340 1616 effi

59 1634 177 1671 debere
205 1632 333 1670 civium
360 1631 464 1678 odia,
495 1642 534 1668 ut
553 1631 685 1683 ignosci
706 1629 806 1667 vietis
833 1643 901 1666 non
920 1639 1096 1682 oporteat:
1112 1625 1340 1679 periculosam

61 1694 107 1747 est
131 1692 287 1739 homini,
322 1706 397 1730 cum
429 1693 480 1743 fit
504 1692 656 1745 instabili
677 1691 833 1743 sortunae
866 1690 1062 1738 obnoxius,
1083 1689 1166 1742 sola
1198 1687 1343 1726 viHoria

60 1766 171 1793 tutum
203 1754 330 1791 vivere.
359 1753 426 1792 Sin
449 1767 528 1791 vero
559 1767 609 1791 me
633 1753 747 1792 adhuc
778 1752 897 1805 hostem
920 1750 1005 1803 effi,
1028 1749 1063 1788 δ’
1086 1749 1212 1788 talium
1235 1749 1343 1800 confi-

61 1816 122 1856 liis
162 1815 299 1853 minime
329 1814 529 1852 credendum
562 1823 693 1864 putas,
728 1825 796 1849 non
825 1826 875 1849 me
903 1813 1001 1863 piget
1025 1811 1185 1863 precibus
1213 1811 1278 1849 abs
1309 1821 1341 1848 te

62 1878 282 1923 contendere,
309 1891 352 1914 ne
376 1890 483 1914 meam
504 1876 580 1926 five
607 1875 769 1928 culpam,
786 1876 864 1927 five
885 1875 1091 1926 fortunam,
1113 1874 1237 1913 amicis
1257 1874 1340 1914 meis

56 1939 184 1992 ftaudi
202 1938 263 1991 effi
279 1940 383 1990 sinas
390 1954 407 1986 ‚·
423 1939 490 1991 sed
517 1942 612 1977 a'me
633 1938 755 1990 potius
782 1949 924 1991 expetas
947 1951 1107 1990 poenasn,
1135 1937 1195 1990 qui
1225 1939 1342 1977 horum

65 2003 217 2043 omnium
246 2003 404 2040 omnibus
429 2003 544 2039 aanor
575 2000 700 2054 exstiti.
739 1999 859 2052 Atque
889 2001 961 2038 lzaec
986 2011 1025 2038 ut
1044 1999 1138 2054 serio
1165 1999 1234 2038 dici
1261 2013 1346 2038 con-

64 2067 126 2119 flet
141 2094 153 2113 ,
178 2063 256 2102 illis
291 2062 488 2115 absentibus
521 2076 618 2114 agere
651 2073 758 2099 tecum
793 2059 917 2108 volui‚·
951 2074 991 2097 ne
1027 2060 1112 2098 milzi
1142 2059 1265 2113 potius
1297 2060 1343 2098 ab

65 2124 204 2162 illorum
229 2124 524 2176 deprecationibus
551 2135 695 2174 quaerere
715 2120 903 2174 praesidium
924 2121 1071 2160 viderer.

119 2192 250 2232 XXV.
284 2193 342 2232 Ad
366 2192 448 2231 haec
475 2191 619 2231 Caesar:
647 2193 701 2231 Ut
726 2205 788 2244 ego
810 2202 842 2229 te
854 2192 931 2242 fine
952 2190 1082 2243 feciali
1106 2190 1182 2228 vidi
1209 2191 1346 2243 defien-

66 2252 145 2293 'dere
159 2284 171 2303 ,
194 2254 235 2292 L.
255 2254 417 2301 Antoni,
436 2253 606 2306 festinavi
621 2283 632 2300 ,
661 2264 700 2291 ut
722 2265 805 2291 ante
829 2254 937 2305 castra
959 2267 1034 2290 mea
1061 2267 1282 2299 occurrerem,
1302 2267 1344 2291 ne

70 2317 167 2357 locus
193 2317 259 2355 tihi
283 2316 501 2367 neceſjitatetn
535 2314 722 2369 impofiufft
755 2315 922 2353 videretur
953 2315 1089 2352 dicendi
1116 2313 1344 2367 faciendive,

70 2393 143 2432 quae
164 2379 292 2419 nolles.
333 2379 519 2432 Postquam
545 2390 656 2416 autem
685 2391 790 2416 meam
816 2377 854 2415 in
879 2377 1076 2430 potestatem
1099 2388 1131 2414 te
1157 2375 1345 2428 tradidisti,

115 2516 139 2563 5
160 2517 283 2552 xxm.
306 2518 377 2554 cic,
399 2518 482 2555 Phil.
511 2529 554 2562 2,
578 2520 629 2553 28.
653 2518 741 2555 mut,
763 2518 797 2553 in
825 2504 955 2571 gm'mn.
974 2494 1134 2563 'Appiam
