1685 3042
278 211 379 270 276
445 209 538 256 JO.
577 208 1069 257 FREINSHEMII
1109 208 1472 257 SUPPLEM.·

280 315 322 356 se
344 326 496 364 tenere,
518 315 613 356 locis
633 316 986 368 munitionibusque
1005 316 1322 357 defendebantur.
1352 317 1479 358 Colles
1497 318 1562 369 ipsi

280 379 457 418 difficiles
482 379 634 419 ascensu
653 389 778 421 erant:
801 383 837 421 ὃς
858 381 906 420 ab
923 380 1040 420 altero
1061 380 1176 420 latere
1193 380 1400 432 paludibus
1414 411 1424 429 ,
1441 381 1489 420 ab
1503 381 1565 420 ‘al-

271 448 361 480 tero
378 441 570 492 imperviis
591 442 858 494 inacceffisque
884 443 1062 482 faucibus
1086 444 1353 494 cingebantun
1382 444 1562 483 Medium

275 504 376 543 inter
396 505 572 556 utrosque
587 505 749 557 spatium
766 505 971 544 neceffario
992 506 1262 546 transeundum
1284 515 1362 546 erat
1374 506 1497 546 Asiam
1513 519 1563 547 ex

277 566 430 618 Europa
453 569 699 619 petentibus:
726 568 830 618 quod
851 576 1005 619 propter
1029 570 1283 618 exiguitatem
1307 568 1433 608 claudi
1456 567 1564 607 velut

271 639 387 681 porta
409 632 573 682 quadam
602 638 761 681 poterat.
790 631 873 670 Nec
900 630 1108 685 omiserunt
1136 631 1324 680 Caffiani,
1353 632 1418 671 sed
1443 631 1561 671 trans-

273 692 423 737 versum
449 705 600 732 murum
620 692 832 742 foffamque
860 692 1045 731 ducentes
1064 693 1090 730 ‘a
1111 692 1212 731 vallo
1237 694 1285 731 ad
1307 693 1473 742 vallum,
1503 706 1559 733 re-
1582 697 1585 699 ’

273 752 373 793 licitis
401 755 440 792 in
465 754 592 792 medio
623 753 766 803 portis,
804 753 857 791 ita
885 754 1167 802 conjunxerant
1201 753 1317 792 castra
1338 783 1349 802 ,
1384 764 1426 793 ut
1452 767 1560 795 com-

271 818 459 858 munibus
492 818 743 856 munimentis
771 816 924 856 defensa
950 829 1017 867 pro
1044 816 1176 856 iisdem
1199 817 1339 865 effent3
1370 819 1406 857 δε
1430 827 1563 858 tamen

272 881 321 920 ad
348 881 604 919 continendos
640 879 791 919 facilius
815 879 854 918 in
888 879 1016 918 officio
1049 879 1216 928 milites,
1248 880 1406 918 modico
1437 879 1559 931 spatio

272 942 593 991 disjungerentur.
624 940 786 981 Suberat
824 940 946 979 amnis
975 940 1105 991 Ganga
1140 940 1214 980 five
1243 941 1423 992 Gangites
1442 972 1453 990 ,
1494 943 1559 992 qui

275 1004 315 1043 in
344 1006 588 1055 Strymonem
614 1004 768 1053 influit3
792 1005 826 1043 δε
843 1017 864 1043 a
885 1011 991 1054 tergo
1012 1017 1136 1053 mare,
1163 1016 1343 1054 magnam
1366 1005 1415 1044 ad
1431 1005 1563 1046 omnia

269 1068 475 1108 utilitatem
513 1068 726 1108 conferens.
765 1069 866 1108 Nam
895 1070 930 1108 Sc
950 1067 1096 1108 Thasus
1121 1068 1174 1107 eis
1198 1077 1279 1107 erat
1303 1081 1372 1119 pro
1397 1068 1558 1119 horreo,

273 1131 326 1170 ad
362 1130 543 1169 undecim
583 1129 706 1169 millia
740 1128 913 1179 passuum
952 1128 1091 1168 distans
1128 1128 1275 1178 insula,
1312 1130 1346 1168 δι
1381 1131 1560 1170 οᾶᾶνυῐη

269 1193 373 1232 intra
411 1191 576 1232 milliare
617 1190 802 1243 Neapolis
840 1190 1009 1231 securam
1047 1190 1250 1230 stationem
1289 1190 1449 1230 navibus
1490 1203 1561 1232 ex-

264 1255 438 1297 bibebat.

326 1320 523 1362 XXXIII.
556 1318 745 1360 Antonius
777 1318 944 1367 interea,
970 1316 1189 1357 festinanter
1219 1316 1333 1356 duero
1359 1317 1553 1376 eifercitu,

265 1397 319 1424 ne
348 1381 589 1434 Amphipolis
619 1381 682 1421 fibi
716 1382 980 1432 praeriperetur
999 1410 1010 1428 ,
1044 1387 1086 1419 ut
1112 1379 1212 1418 hanc
1237 1392 1258 1418 a
1282 1378 1467 1419 Norbano
1499 1390 1558 1417 re-

265 1453 414 1486 tentam
439 1454 552 1495 atque
571 1445 687 1483 etiam
722 1444 1001 1482 communitam
1023 1442 1147 1489 vidit,
1183 1453 1418 1491 magnopere
1455 1440 1556 1491 gavi-

263 1508 325 1547 sus
351 1507 630 1558 impedimenta
663 1505 716 1544 ibi
747 1505 951 1556 deposuit,
990 1503 1139 1543 Pinario
1176 1515 1264 1542 cum
1294 1508 1370 1542 una
1402 1503 1557 1553 legione

265 1570 398 1610 relicto
419 1569 468 1608 ad
492 1567 715 1607 custodiam.
743 1566 827 1618 Ipse
851 1579 990 1618 magna
1014 1565 1172 1605 audacia
1194 1565 1428 1616 progressus,
1451 1565 1553 1615 prius

269 1632 390 1671 ferme
406 1662 418 1678 ,
436 1644 549 1682 quam
582 1630 708 1669 adeffe
735 1630 973 1677 crederetur,
993 1629 1108 1668 castra
1135 1627 1259 1679 planis
1288 1628 1382 1668 locis
1405 1628 1555 1679 posuit,

263 1707 345 1733 uno
370 1702 520 1733 tantum
549 1692 697 1732 milliari
723 1691 916 1732 discretus.
942 1692 1043 1733 Tum
1068 1704 1156 1732 vero
1182 1692 1377 1742 apparuit,
1407 1699 1550 1742 quanto

263 1759 417 1810 potiora
445 1757 573 1797 omnia
606 1759 641 1797 δι
663 1757 930 1796 commodiora
958 1755 1136 1797 Caffianis
1170 1755 1301 1794 effent.
1340 1755 1456 1794 castra
1485 1753 1552 1793 ha-

263 1820 410 1860 bebant
443 1819 697 1870 superioribus
729 1817 852 1866 locis,
883 1818 1067 1857 Antonius
1097 1817 1136 1855 in
1162 1815 1300 1867 plano:
1337 1829 1385 1855 ex
1412 1817 1552 1855 monti-

264 1882 338 1923 bus
369 1881 623 1933 suppetebant
650 1880 724 1919 illis
753 1880 883 1931 ligna,
917 1878 1009 1917 huic
1044 1879 1207 1929 petenda
1244 1891 1290 1917 ex
1321 1878 1548 1929 palustribus

265 1944 366 1985 locis
395 1953 522 1983 erant:
549 1943 623 1982 illis
647 1943 786 1982 fluvius
808 1941 1002 1992 praebebat
1027 1941 1294 1991 aquationem,
1322 1940 1387 1978 hic
1413 1949 1549 1990 puteos

265 2005 426 2045 curabat
460 2004 735 2044 effodiendos:
753 2002 827 2041 illis
861 2015 882 2041 a
915 2002 1129 2053 propinqua
1154 2001 1282 2042 Thaso
1315 2000 1548 2040 subveheba-

266 2074 330 2106 tur
354 2074 612 2112 commeatus,
637 2063 727 2102 huic
750 2063 992 2104 arceffendus
1013 2072 1091 2102 erat
1107 2061 1341 2114 Amphipoli.
1371 2062 1551 2103 Ceterum

263 2128 364 2169 nihil
388 2130 467 2168 erat'
491 2128 530 2166 in
553 2126 746 2178 praesentia
773 2126 932 2173 melius,
960 2139 1047 2165 cum
1071 2135 1287 2178 opportuna
1312 2125 1397 2165 loca
1420 2125 1545 2165 hostes

260 2189 550 2241 praeeepiffent‚
583 2188 701 2228 colles
727 2189 789 2227 alii
825 2188 920 2228 nulli
956 2188 1210 2239 superessent,
1247 2188 1391 2239 reliqua
1428 2187 1548 2238 plani-

262 2254 335 2292 ties
356 2252 559 2303 depressior
580 2253 797 2291 exundante
820 2264 1095 2302 nonnunquam
1116 2251 1231 2290 fluvio
1254 2251 1449 2301 stagnaret.
1473 2251 1548 2289 Au-
1617 2245 1623 2250 ’

264 2315 415 2356 daciam
451 2323 578 2353 tamen
603 2314 841 2362 interpretati
868 2313 1002 2351 Brutus
1026 2321 1139 2362 atque
1166 2311 1308 2350 Caffius
1324 2340 1334 2358 ,
1358 2310 1460 2361 quod
1478 2323 1548 2360 po-

261 2382 341 2420 tius
374 2378 570 2419 necessitas
598 2377 750 2426 fuerat,
778 2376 929 2416 castella
961 2375 1123 2427 plurima
1159 2375 1397 2422 excitarunt,
1426 2373 1549 2412 vallo-

313 2498 336 2543 §
360 2498 502 2580 ΧΧΙξῌ.
526 2497 708 2533 Di0.P1ut.
721 2496 755 2530 in
777 2496 872 2532 Brut.
888 2507 918 2529 c.
938 2506 990 2540 54.
1014 2494 1159 2539 Appian.
1185 2492 1321 2538 Joseph.
1348 2492 1452 2538 antiq.
1476 2491 1553 2526 Jud.

264 2553 327 2589 14,
352 2556 403 2579 22.
459 2555 506 2581 ιο.
1540 2548 1547 2554 ·

608 2602 615 2619 1
