1685 3042
258 206 335 252 IN
371 205 540 252 LOC.
591 205 721 250 LIB.
751 203 883 249 CXV
923 204 1061 251 Ltv,
1260 206 1321 269 63

49 313 220 354 tudinem
249 312 318 350 viri
343 311 681 362 approbaverimus
698 339 709 357 ‚
736 322 850 359 quam
878 309 982 358 quod
1007 309 1045 347 in
1069 308 1192 356 libro,
1211 323 1327 361 quem

48 375 97 414 de
125 374 270 413 Virtute
303 371 520 422 composuit
546 371 708 419 Brutus,
730 370 765 409 ei
789 369 989 417 reddidit,
1006 371 1048 423 se
1069 371 1192 422 vidiffe
1216 374 1329 410 Mar-

43 435 166 474 cellum
197 434 390 486 Mitylenis
418 433 657 483 exsulantem,
696 432 757 480 6»,
789 443 956 483 quantum
986 431 1086 467 modo
1118 445 1242 470 natura
1268 435 1332 471 ho.

46 496 154 534 minis
186 507 382 549 pateretur,
409 493 591 544 beatg'ffime
622 494 795 532 viventem
811 521 822 542 3
853 507 959 545 neque
978 506 1140 544 *unquam
1163 495 1331 533 bonarum

42 560 172 597 artium
191 559 421 612 cupidiorem,
445 571 548 610 quam
573 557 636 595 illo
663 569 819 609 tempore.
842 556 963 608 Itaque
986 556 1099 606 visum
1109 556 1179 606 fibi
1200 559 1240 609 se
1255 572 1328 595 ma⁸²

42 620 102 671 gis
124 620 162 657 in
186 619 344 670 exsilium
373 621 446 667 ire,
469 618 528 671 qui
542 619 618 669 fine
651 617 714 655 illo
748 618 922 655 rediturus
951 615 1054 668 eſjet,
1088 630 1191 668 quam
1225 617 1326 655 illum

43 681 83 718 in
103 681 224 731 exfilib
245 681 441 733 relinquere.
468 679 730 730 Addiditque,
764 681 799 719 C.
832 680 993 731 Caesarem
1019 678 1224 730 Mitylenas
1239 694 1329 731 prce,

43 745 221 781 terveelum
235 772 246 790 ‚
277 743 361 795 quia
383 757 452 780 non
472 743 647 796 fitstineret
668 743 781 780 videre
805 741 1032 793 deformatum
1055 742 1179 780 viruma

102 809 292 849 XXXIV.
329 809 403 849 Sed
431 807 569 847 horum
598 821 619 847 a
647 806 791 847 Caesare
822 805 998 856 praeclare
1030 807 1327 847 constitutorum

45 871 205 921 gratiam
231 869 303 910 alia
333 871 507 920 quaedam
539 868 762 916 elevabant,
788 868 891 918 quod
909 898 919 916 ‚
948 867 1129 908 relaturus
1165 871 1326 919 gratiam

44 932 249 972 clientibus
281 931 375 981 suis,
403 932 549 971 senatus
577 944 804 979 numerum,
830 930 994 981 indignis
1026 930 1155 970 multis
1192 931 1328 971 adscri-

44 996 142 1046 ptis,
156 993 405 1044 ampliaverat
423 1007 433 1034 :
457 1002 636 1045 praetores
654 1004 845 1033 creaverat
863 992 1093 1039 duodecim,
1107 1003 1199 1042 quot
1218 993 1329 1033 simul
1366 1036 1368 1038 ,

43 1058 184 1097 eodem
210 1070 312 1096 anno
333 1056 486 1094 fuerant
512 1067 703 1097 uunquam
728 1071 736 1091 r
769 1057 994 1100 quaestorum
1021 1068 1174 1105 quoque
1196 1058 1237 1096 δι
1258 1058 1332 1095 mi-

43 1121 185 1150 norum
213 1109 498 1159 magistratuum
533 1107 696 1158 collegia
728 1122 908 1153 auxerat:
942 1125 1093 1153 notatos
1120 1130 1140 1154 a
1167 1117 1331 1156 censori-

42 1173 138 1220 bus,
168 1178 272 1210 metu
298 1170 535 1220 judiciorum
570 1176 736 1207 extorres
764 1168 968 1206 reduxerat
997 1183 1007 1206 ε
1046 1176 1327 1208 condemnatos

43 1236 210 1277 ambitus
241 1234 283 1273 in
315 1233 426 1274 Italia
458 1233 530 1272 effe
558 1231 712 1272 sinebat.
740 1232 862 1272 Etiam
896 1230 1057 1270 incivilis
1083 1230 1195 1281 plane
1223 1233 1331 1272 vide-

40 1297 152 1338 batur
180 1298 428 1336 comitiorum
458 1295 579 1343 ratio,
603 1306 686 1345 quae
722 1307 812 1334 cum
846 1293 993 1345 populo
1030 1293 1228 1342 diviserat,
1266 1306 1332 1344 ut,

44 1367 212 1410 excepto
240 1357 466 1406 consulatu,
487 1365 702 1397 ceterorum
731 1356 1017 1407 magistratuum
1042 1364 1187 1405 partem
1219 1356 1332 1395 dimi-

45 1422 151 1461 diam
178 1420 345 1473 populus
364 1452 376 1470 ,
405 1419 563 1460 alteram
589 1419 668 1470 ipse
705 1418 958 1459 constitueret.
990 1418 1101 1458 Unde
1137 1418 1332 1457 Candidati.

43 1483 189 1535 Caefizris
215 1481 416 1534 appellati,
437 1494 533 1532 quos
557 1480 666 1521 nullo
697 1478 853 1531 repulsae
879 1487 984 1518 metu
1012 1477 1190 1518 brevibus
1216 1478 1327 1518 libet.

42 1544 89 1585 lis
104 1575 115 1595 ‚
141 1547 285 1585 circum
316 1545 436 1584 tribus
457 1543 594 1590 miffis,
615 1541 928 1582 commendabat.

96 1615 267 1656 XXXV.
310 1614 386 1654 Sed
422 1615 457 1653 ἃ
493 1612 704 1664 Cleopatrae
735 1624 843 1651 amor
874 1615 1107 1661 magnopere
1135 1609 1245 1649 datus
1276 1609 1327 1649 est

46 1677 224 1724 crimini,
254 1690 336 1726 quae
365 1689 466 1715 anno
495 1676 633 1715 eodem
665 1676 829 1715 Romam
852 1674 956 1724 regio
978 1674 1162 1712 comitatu
1193 1675 1329 1723 venit,

43 1740 171 1787 accitu
199 1737 326 1789 ipsius.
352 1737 474 1778 Caesar
501 1737 652 1777 mulieri
668 1738 822 1787 viroque
843 1736 998 1790 (minor
1021 1734 1086 1774 ille
1104 1734 1329 1775 Ptolemaeus

43 1799 148 1848 fuit)
176 1798 383 1849 hospitium
409 1799 450 1836 in
470 1797 544 1836 suis
572 1797 715 1837 aedibus
741 1797 857 1837 dedit.
888 1795 1118 1846 notatusque
1142 1796 1219 1844 est,
1243 1806 1329 1836 tan-

45 1874 160 1912 quam
177 1869 312 1911 praeter
329 1860 563 1899 notiffimum
589 1859 801 1910 Cleopatrae
826 1851 1080 1905 adulterium,
1101 1858 1215 1896 etiam
1235 1871 1327 1908 pue.

42 1935 84 1962 ro
115 1923 258 1962 nefarie
292 1921 483 1977 illuderet.
506 1923 604 1963 Sane
638 1920 812 1961 maximis
845 1918 1055 1959 honoribus
1087 1912 1327 1970 praemiisque

43 1986 201 2033 auctos,
224 1986 380 2037 regesque
401 1983 522 2035 fim'os
554 1983 747 2022 &amicos
781 1981 1016 2032 appellatos,
1038 1981 1176 2020 remisit
1201 1981 1239 2020 in
1271 1996 1327 2021 re.

45 2058 196 2096 gnum:
223 2044 348 2084 filium
383 2044 524 2092 etiam,
558 2057 674 2094 quem
706 2043 906 2094 Cleopatra
941 2043 1057 2094 paulo
1084 2044 1167 2093 post
1192 2043 1328 2084 disces-

46 2106 127 2146 sum
146 2109 229 2156 ejus
252 2120 298 2146 ex
324 2107 490 2157 IEgypto
511 2114 733 2157 pepererat,
762 2106 809 2145 de
832 2105 898 2145 suo
921 2106 1079 2144 nomine
1105 2107 1329 2158 Caefim'onem

45 2168 229 2220 appellari
259 2168 382 2219 passus
410 2169 472 2208 est.
499 2182 613 2219 quem
643 2169 798 2220 quidem
831 2169 959 2222 Caesari
979 2168 1100 2221 fhrma
1128 2183 1259 2221 quoque
1287 2169 1324 2208 6³

43 2229 167 2282 inceffit
178 2231 324 2282 fimilem
339 2229 470 2282 fiuſjb,
498 2230 747 2282 tradiderunt.
773 2229 829 2270 M.
851 2229 1039 2269 Antonius
1068 2230 1206 2276 etiam,
1222 2231 1327 2282 agni-

44 2302 117 2329 tum
141 2291 186 2330 ab
207 2306 270 2338 eo,
294 2290 439 2331 senatui
469 2290 680 2332 affirmavit.
711 2301 844 2332 contra
866 2305 982 2343 quem
1007 2291 1155 2342 Oppius
1181 2290 1325 2332 librum

97 2432 119 2475 §
135 2432 291 2467 XXXIII.
310 2436 381 2468 Cic.
400 2435 441 2467 ad
457 2436 564 2469 Attic.
578 2445 630 2478 ¹3,
647 2445 697 2467 ιο.
716 2436 833 2471 Senec.
847 2436 941 2472 cons.
955 2437 995 2471 ad
1007 2437 1110 2471 Heiv.
1125 2433 1323 2480 §xxst

47 2483 189 2520 Sueten.
211 2486 293 2521 Dio.
319 2487 542 2530 Quinstilian.
564 2487 603 2530 6,
626 2498 656 2530 3.
675 2486 787 2522 Tacit.
