1685 3042
284 251 371 294 116
445 248 541 293 JO.
584 248 1087 294 FREINSHEMII
1128 250 1502 300 SUPPLEM.

277 354 397 394 domo
433 354 591 393 Antonii
626 352 791 393 consulis
819 357 998 405 aperitur.
1040 354 1250 405 Scripserat
1276 354 1436 397 heredes
1464 352 1565 398 soro'a

272 428 361 455 rum
382 424 564 466 nepotes,
601 416 643 456 C.
662 416 865 456 Octavium
889 429 937 457 ex
961 417 1150 455 dodrante
1166 448 1178 464 ‚
1206 417 1248 456 L.
1270 418 1485 467 Pinarium,
1511 421 1562 469 Q

269 478 430 519 Pedium
460 491 507 518 ex
537 479 750 530 quadrante
787 478 963 529 reliquo:
1001 479 1041 517 in
1075 479 1153 518 ima
1182 491 1267 518 cera
1299 480 1341 520 C.
1371 481 1554 521 octavius

269 539 313 578 in
337 554 484 580 nomen
512 540 792 590 adoptabatur:
824 539 1027 591 pluresque
1049 539 1311 590 percussorum
1335 542 1375 580 in
1415 543 1560 582 tutori-

273 601 344 642 bus
369 602 464 651 filii,
483 603 509 641 fi
534 604 620 653 quis
649 601 715 641 fibi
744 601 982 648 nasceretur,
1006 602 1319 643 nominabantur.
1352 604 1398 644 D.
1420 604 1558 644 Brutus

268 665 387 704 etiam
419 664 459 702 in
486 663 660 704 secundis
694 663 901 702 heredibus
925 663 1082 713 scriptus
1109 673 1218 704 erat:
1255 679 1337 715 quae
1364 678 1421 705 res
1446 666 1560 706 valde

270 726 455 766 mirabilis
475 727 527 766 est
548 726 646 775 visa,
664 725 777 775 hujus
801 725 1038 775 potiffimum
1061 725 1218 765 confilio
1238 725 1408 766 occisum
1424 727 1558 777 fuisse,

272 801 388 838 quem
419 797 620 839 tantopere
648 787 848 827 dilexisset.

323 849 423 890 CIII.
463 851 516 890 Ut
548 861 636 888 vero
671 847 819 899 populo
856 847 1035 887 Romano
1066 846 1200 886 hortos
1234 848 1336 887 circa
1359 848 1558 899 Tiberim,

270 922 360 949 cum
396 910 509 960 signis
545 917 659 958 atque
687 906 827 947 tabulis
860 907 1013 958 publice
1043 907 1191 958 legatos
1226 918 1483 959 acceperunt,
1519 913 1555 950 δε

267 972 410 1010 viritim
433 971 618 1010 sestertios
646 979 843 1018 trecen083
868 969 967 1008 lucri
995 969 1201 1009 dulcedine
1225 971 1392 1010 convulsi
1414 974 1449 1011 ἃ
1473 984 1555 1011 mu-

261 1033 354 1081 tati,
374 1034 534 1081 Caestzrem
553 1032 759 1086 injustiffime
782 1048 843 1086 pro
866 1046 1019 1085 tyranno
1043 1034 1234 1082 vituperari
1262 1034 1549 1084 exclamarunt,

264 1106 332 1144 quo
365 1106 462 1129 nemo
478 1093 604 1140 fuiffioe
626 1098 750 1145 patriae
781 1097 974 1147 civiumque
997 1089 1182 1132 amantior.
1215 1089 1365 1135 Idcirco
1397 1097 1549 1137 Caesaris

260 1164 402 1202 corpus
436 1152 477 1189 in
501 1150 630 1189 forum
659 1162 680 1187 a
707 1148 840 1188 Pisone
869 1148 1019 1188 illatum
1050 1162 1188 1200 magna
1215 1150 1425 1190 multitudo
1459 1165 1549 1193 cum

257 1217 371 1255 armis
392 1210 646 1252 circumdedit
665 1223 674 1250 ε
693 1210 934 1261 positumque
954 1224 1022 1261 pro
1039 1212 1162 1251 rostris
1177 1212 1228 1251 est
1244 1212 1285 1251 in
1303 1222 1432 1253 aurata
1448 1216 1548 1264 aede,

259 1278 311 1317 ad
343 1277 508 1326 effigiem
545 1272 680 1324 templi
711 1273 866 1312 Veneris
914 1274 1118 1313 Genitricis
1155 1274 1364 1315 fabrefacta
1395 1290 1405 1316 :
1451 1278 1548 1318 intra

258 1352 374 1391 quam
396 1338 516 1378 lectus
540 1336 732 1376 eburneus
751 1344 854 1384 erat,
875 1349 968 1375 auro
993 1350 1038 1375 ac
1061 1349 1228 1387 purpura
1249 1338 1403 1386 stratus,
1430 1353 1547 1390 quem

257 1402 501 1451 magistratus
529 1403 564 1440 ἅ
598 1399 808 1439 honoribus
844 1400 967 1455 functi
1005 1400 1238 1450 intulerant3
1271 1403 1306 1441 ἃ
1343 1402 1390 1441 ad
1431 1413 1545 1454 caput

254 1471 442 1512 tropaeum
466 1467 556 1501 cum
577 1471 785 1512 praetexta,
814 1463 852 1501 in
883 1476 957 1512 qua
986 1463 1110 1503 fuerat
1147 1464 1305 1505 occisus.
1336 1465 1544 1506 ludunum

257 1533 337 1563 erat
362 1524 478 1562 funus
501 1523 541 1561 in
569 1535 748 1573 campum
780 1524 965 1564 Martium
983 1555 993 1573 ,
1019 1525 1150 1576 ibique
1181 1540 1294 1577 rogus
1321 1528 1544 1569 exstructus.

313 1587 408 1627 CIV.
434 1586 553 1637 Igitur
575 1585 862 1636 praeferentibus
889 1600 1047 1626 munera
1071 1588 1190 1641 (quia
1210 1589 1432 1630 suffecturus
1461 1592 1541 1630 dies

255 1661 336 1687 non
367 1647 593 1700 videbatur)
617 1658 878 1697 praeceptum,
901 1661 964 1696 ut,
990 1648 1106 1700 omiffi>
1134 1650 1276 1698 ordine,
1306 1650 1430 1702 quibus
1452 1652 1543 1703 quisi

253 1726 321 1764 que»
343 1710 445 1750 vellet
471 1710 676 1756 itineribus,
704 1724 742 1747 eo
773 1711 975 1762 deportaret.
1023 1710 1166 1760 Magna
1202 1710 1255 1750 ibi
1283 1711 1540 1762 comploratio

255 1780 361 1820 orta,
389 1770 628 1822 querelaeque
653 1781 908 1822 proruperunt
924 1804 937 1819 ,
956 1771 1289 1822 senatusconsulti,
1309 1787 1539 1824 quamquam

251 1835 439 1881 recentis,
464 1833 722 1874 immemores,
753 1833 880 1883 Quam
905 1833 1196 1873 inclinationem
1225 1834 1359 1886 populi
1389 1835 1456 1875 ubi
1481 1837 1538 1877 M.

253 1898 440 1937 Antonius
465 1897 586 1943 vidit,
614 1895 844 1935 laudationis
880 1895 968 1935 loco
997 1896 1262 1947 pronuntiavit
1297 1910 1364 1946 per
1398 1911 1540 1948 praeco-

249 1974 341 2000 nem
365 1959 752 2008 senatusconsultum,
776 1973 852 2010 quo
879 1961 1030 2000 divinos
1057 1962 1090 1999 ei
1124 1961 1385 2012 humanosque
1413 1962 1535 2002 hono-
1567 1955 1570 1957 Α

252 2036 311 2063 res
336 2036 469 2063 omnes
499 2024 729 2062 decreverat.
769 2023 848 2073 ipse
880 2036 1069 2074 perpauca
1100 2037 1120 2062 a
1144 2023 1181 2062 se
1210 2024 1326 2064 verba
1358 2025 1531 2074 addidit3

251 2095 294 2126 ut
325 2086 631 2135 unumquodque
660 2099 707 2125 ex
740 2086 1062 2125 senatusconsulto
1090 2086 1349 2136 recitabatur,
1394 2100 1536 2138 augens

250 2143 514 2194 extollensque
540 2145 588 2183 ad
619 2144 901 2184 miserationem
930 2148 965 2185 Sc
990 2146 1185 2186 invidiam.

305 2207 379 2246 CV.
399 2206 496 2247 Cum
522 2207 846 2247 senatusconsulto
870 2214 976 2248 Pater
990 2211 1115 2261 patriae
1140 2208 1418 2260 appellaretur,
1445 2209 1532 2258 En,

249 2269 393 2318 inquit,
411 2269 597 2320 pietatem,
610 2285 678 2322 qua
702 2275 871 2309 narratus
890 2273 934 2323 est
951 2274 1073 2324 patriae
1089 2272 1206 2309 Pater.
1227 2271 1276 2309 ad
1294 2270 1530 2309 mentionem

242 2332 484 2385 sszcrosanffi,
516 2334 575 2384 qui
612 2335 738 2371 nemini
773 2335 986 2382 violabilis,
1015 2335 1082 2386 fid
1107 2336 1141 2373 6³
1166 2335 1252 2372 aliis
1282 2334 1444 2387 perfugio
1470 2333 1531 2384 effi

245 2396 396 2443 deberet,
421 2392 672 2435 exclamavit:
701 2397 891 2435 Enimvero
914 2411 982 2434 non
1000 2397 1096 2435 alius
1121 2398 1171 2435 ad
1193 2397 1285 2434 hunc
1300 2395 1529 2450 confugiens,

296 2513 318 2555 ς
346 2513 753 2547 C11.P11r.sueton.in
776 2513 859 2545 Caes
880 2526 908 2546 c.
932 2513 986 2555 83.
1012 2514 1155 2557 Appian.
1174 2513 1254 2545 Dio.
1277 2513 1298 2556 5
1329 2513 1419 2545 Clll.
1434 2514 1517 2545 Sue-

246 2569 318 2593 1011.
348 2559 419 2592 Cic.
436 2558 521 2591 Phil.
543 2569 585 2602 3,
607 2570 658 2593 ιι.
681 2559 827 2603 Appian.
849 2558 984 2604 §C1V.
1008 2559 1082 2591 Lu.
1103 2559 1192 2603 Epir.
1216 2561 1355 2593 sueton.
1378 2558 1525 2602 Appian.

811 2620 817 2649 Ι
