1685 3042
308 212 389 259 1N
437 211 604 258 Loc,
649 210 784 285 Liss.
833 209 969 256 cxx
1022 212 1157 258 mv,
1307 227 1400 274 219

117 328 208 357 cum
235 315 406 364 annulo,
435 316 548 366 seque
575 313 854 364 percussoribus
881 314 1034 353 obviam
1062 315 1163 356 tul-it.
1202 317 1232 356 A
1263 317 1403 367 quibus

116 393 188 430 pro
215 378 411 418 homicida
441 386 632 429 retentus?
656 376 871 428 Restionem,
900 376 1048 425 inquit,
1074 379 1208 426 occidi,
1230 380 1404 431 vicemque

118 442 316 481 crudelitati
345 440 440 493 ejusn,
467 452 487 477 a
515 451 591 488 quo
620 437 678 476 fie-
695 446 847 477 notatus
875 438 981 487 sum,
1001 440 1149 479 reddidi.
1178 441 1279 490 Quia
1303 441 1405 479 veri-

121 502 257 542 similia
281 501 533 551 loquebatur,
560 499 805 540 crediderunt
831 500 995 552 milites;
1016 510 1207 552 caputque
1233 502 1405 554 ignobile

115 565 288 604 ferentes
311 563 443 603 frustra
479 563 762 609 contenderunt
793 564 833 602 in
865 563 1015 603 urbem.
1054 565 1213 614 Antius,
1245 577 1267 603 a
1296 564 1404 603 servo

121 625 331 666 subductus
350 656 361 673 ‚
392 626 430 663 in
458 624 630 665 Siciliam
656 637 745 664 cum
772 638 819 664 eo
849 625 1058 675 transjecit.

174 685 376 726 LXXVII.
408 686 531 727 Simili
565 694 788 725 commento
823 687 865 727 C.
898 687 1101 728 Hofidium
1137 687 1273 726 Getam
1305 685 1408 724 filius

120 747 264 797 eripuit
293 747 439 795 morti,
463 756 645 798 tanquam
670 757 825 787 mortuo
852 751 996 800 paratis
1026 748 1211 798 exsequiis
1226 778 1237 797 ‚
1259 760 1408 786 crema-

120 816 239 858 toque
263 808 304 846 in
327 821 411 847 area
439 810 576 849 domus
608 822 727 860 rogo:
754 823 844 850 nam
860 812 1048 865 suspendio
1070 810 1187 863 finff
1202 810 1312 848 vitam
1336 808 1408 849 fin-

119 880 242 912 xerat.
269 872 356 911 Hac
381 880 462 911 arte
482 871 597 911 senex
624 871 797 923 elapsus,
813 874 853 912 in
876 873 1019 924 praedio
1035 885 1167 912 recens
1189 880 1293 912 emto
1317 870 1407 910 sub-

119 933 212 972 stitit
231 963 243 979 ,
285 933 334 972 ad
377 933 690 973 dissimulandum
726 936 803 974 oris
851 933 1025 974 habitum
1070 934 1191 974 altero
1233 932 1405 983 obligato

118 994 235 1033 oculo
252 1025 263 1043 ,
284 1007 399 1045 quem
419 995 599 1045 deinceps
613 1025 622 1042 ,
649 996 801 1035 reddita
827 1010 921 1047 pace
935 1027 946 1045 ,
962 996 1137 1036 inutilem
1162 995 1297 1036 habuit
1312 1024 1324 1044 ‚
1338 1006 1406 1045 pet

119 1055 278 1106 longam
306 1056 463 1094 videndi
488 1056 779 1096 desuetudinem
808 1057 994 1096 facultute
1023 1056 1166 1101 amiss'a.

173 1117 391 1158 LXXVIII.
408 1118 455 1158 Et
475 1119 562 1168 quia
589 1120 636 1157 de
656 1118 822 1159 filiorum
838 1121 982 1170 pietate
1008 1118 1153 1158 mentio
1175 1118 1255 1158 fieri
1276 1125 1406 1168 coepta

118 1181 198 1228 est,
229 1181 383 1232 Oppius
417 1189 564 1231 patrem
603 1181 939 1231 decrepitum,.&
971 1183 1091 1221 aetatis
1126 1182 1240 1220 taedio
1273 1180 1406 1230 fugere

117 1242 338 1290 nolentem,
363 1241 510 1282 sustulit
527 1245 565 1281 in
583 1244 787 1292 humeros;
810 1243 1031 1295 elatumque
1054 1244 1168 1292 urbe,
1190 1244 1309 1282 modo
1329 1256 1408 1281 ma-

115 1318 171 1345 nu
204 1305 404 1344 sublevans
430 1314 609 1352 euntem,
634 1307 753 1345 modo
781 1307 1028 1346 deficientem
1060 1308 1262 1355 imponens
1288 1304 1408 1342 cervi-

121 1369 257 1417 cibus,
288 1369 328 1406 in
354 1367 525 1408 Siciliam
563 1368 855 1418 transportavit,
890 1368 965 1407 sine
995 1366 1071 1407 ulla
1104 1367 1176 1406 alia
1213 1365 1403 1413 molestia,

121 1442 239 1479 cum,
255 1429 351 1468 ficut
372 1429 498 1475 AEneae
525 1438 671 1479 patrem
696 1429 878 1480 gestanti,
903 1430 1000 1469 viam
1024 1431 1144 1480 pietas
1170 1428 1230 1468 vel
1247 1441 1313 1479 per
1328 1440 1406 1466 me-

120 1493 207 1531 dios
245 1491 370 1531 hostes
406 1492 559 1531 faceret.
609 1493 809 1532 Arruntius
853 1505 1008 1542 quoque
1048 1500 1302 1531 monumento
1337 1489 1404 1528 suo

120 1554 251 1594 similis
271 1555 312 1593 in
333 1554 414 1593 filio
439 1553 531 1594 fidei
555 1554 815 1594 testimonium
832 1555 1124 1595 inscribendum
1141 1555 1306 1594 curavit:
1329 1553 1406 1591 Hic

111 1619 220 1670 ficum
246 1617 333 1670 ff,
355 1616 412 1654 cui
435 1617 628 1670 proscripto
647 1617 753 1668 filius
777 1632 846 1656 non
861 1619 1100 1672 proscriptus,
1125 1630 1313 1671 receptator
1327 1618 1406 1668 pri-

119 1693 210 1718 mum
224 1709 237 1726 ‚
272 1680 396 1718 deinde
429 1681 547 1718 anaor
575 1681 745 1733 comesque
768 1681 870 1735 fitgae
883 1712 897 1729 ‚
931 1694 1034 1736 atque
1055 1683 1111 1734 fic
1141 1683 1245 1735 causta
1271 1681 1406 1734 fhlutis

112 1741 249 1794 fuiffet-
771 1751 773 1753 ·

190 1802 380 1844 LXXIX.
429 1804 566 1854 Neque
597 1803 819 1843 reticendus
852 1803 905 1843 est
936 1804 985 1854 Q.
1015 1804 1149 1845 Cicero
1187 1806 1237 1856 Q.
1271 1805 1314 1846 F.
1339 1805 1406 1856 qui

122 1865 252 1916 magni
282 1867 318 1905 ὃ(
343 1864 570 1916 multiplicis
590 1865 758 1915 ingenii,
781 1867 1014 1917 postremum
1037 1868 1123 1908 vitae
1143 1871 1273 1908 actum
1301 1881 1408 1918 egre-

121 1926 184 1978 gio
218 1927 390 1967 facinore
419 1928 650 1968 nobilitavit.
686 1928 784 1968 Cum
815 1929 919 1968 enim
953 1929 1001 1979 Q.
1027 1939 1156 1980 pater,
1179 1930 1273 1969 dum
1299 1930 1404 1968 Astu-

118 2003 200 2029 ram
235 1991 443 2030 comitatur
472 1991 673 2040 Marcum,
704 1984 753 2031 de
781 1992 1057 2043 proscriptione
1088 1994 1151 2034 sua
1185 1992 1406 2044 cognosset,

119 2051 327 2102 subitoque
362 2053 575 2092 recurrisset
603 2054 651 2092 ad
680 2054 814 2094 urbem
829 2084 842 2103 ,
863 2057 1092 2106 exportandi
1113 2058 1241 2098 viatici
1267 2056 1376 2096 causa
1391 2085 1403 2104 ‚

119 2123 296 2166 receptus
321 2116 373 2155 est
396 2130 416 2156 a
433 2116 514 2156 filio
532 2119 568 2156 δε
585 2117 752 2168 celatus,
769 2118 981 2170 proscripto
996 2122 1031 2161 &a
1047 2121 1141 2172 ipso.
1170 2122 1290 2172 Igitur
1313 2134 1403 2172 pro-

122 2179 237 2217 dente
260 2178 404 2218 familia
422 2187 591 2229 repertus
615 2180 763 2228 juvenis
780 2211 791 2228 ,
810 2181 1028 2232 tortusque,
1045 2195 1087 2222 ut
1111 2185 1225 2234 patris
1249 2183 1402 2222 indica·
1448 2173 1457 2187 ⁸

119 2247 177 2280 ret
195 2239 358 2280 latebras
373 2270 384 2289 ,
411 2254 551 2291 magno
574 2242 704 2280 animo
729 2243 885 2293 pertulit
901 2244 1075 2284 dolorem
1091 2260 1101 2293 ς
1118 2246 1242 2284 donec
1267 2255 1398 2296 pater,

118 2315 159 2341 re
178 2301 392 2351 intellecta,
417 2303 575 2342 miratus
603 2304 712 2343 simul
737 2305 919 2356 pietatem
936 2307 1003 2346 filii
1025 2306 1289 2357 misertusque,
1313 2319 1398 2356 pro-

120 2363 203 2424 diit.
235 2364 337 2403 Tum
365 2378 519 2415 quoque
551 2365 648 2405 filius
676 2367 796 2406 oravit
826 2367 984 2415 milites,
1008 2381 1045 2406 ut
1062 2371 1104 2422 se
1126 2371 1272 2422 priorem
1299 2360 1399 2406 ocei-

140 2525 147 2531 .
165 2480 186 2523 5
213 2480 371 2532 LXXVI}
390 2483 472 2516 Val..
488 2483 582 2519 MaX.
609 2486 649 2524 6,
672 2485 704 2518 8.
727 2485 879 2521 Macrob.
904 2486 1096 2532 Appian„§
1119 2486 1286 2522 LXXVII.
1319 2489 1393 2534 Ap·
1446 2492 1448 2500 ⁸

115 2537 207 2570 piem.
239 2526 330 2571 Pigh.
359 2529 468 2561 annal.
495 2539 572 2571 794.
598 2529 681 2563 Dio.
