1685 3042
263 207 345 253 IN
383 204 767 252 LOC.'LIB.
806 204 946 251 CXX
985 205 1136 252 LIV.
1274 219 1364 268 205

80 312 384 379 erant)xmagno
419 321 549 352 autem
583 323 740 357 eorum,
768 311 833 359 qui
862 311 1087 350 audiverant
1119 323 1252 352 recens
1284 325 1369 364 per.

81 377 255 426 petrata}
285 374 512 421 eveniebat,
538 381 579 411 ut
610 374 646 412 8(
679 372 743 422 qui
769 371 904 410 facturi
935 373 1054 410 essent
1084 374 1245 422 eadem,
1274 388 1392 425 qua-¹

84 438 173 477 dam
204 438 454 488 improbitate
473 435 650 485 superare
678 434 911 484 propofitum
937 433 1131 483 exemplar
1158 435 1370 486 studerent,

81 501 117 538 &
145 499 209 548 qui
235 497 397 547 passuri,
433 497 609 535 omnium
644 495 909 543 cruciatuum,
937 507 1032 544 quos
1063 496 1241 544 cuiquam
1270 499 1372 536 acci-

82 560 175 599 diffe
205 560 488 607 meminerant,
517 559 555 596 in
595 556 816 607 semetipsos
851 556 1021 608 speciem
1054 565 1166 607 atque
1196 558 1374 601 dolorem.

80 623 328 673 imaginando
358 622 609 672 timendoque
650 620 954 670 exsequerentur.

138 691 337 731 XXXIX.
371 691 459 731 Hoc
485 705 637 742 quoque
662 692 821 730 nomine
846 691 994 741 gravior
1024 699 1105 729 erat
1129 690 1372 730 triumviralis

82 754 337 807 proscriptio,
357 755 462 804 quod
498 754 601 795 Sulla
627 763 777 794 tantum
810 755 991 792 inimicos
1023 752 1207 800 tollebat,
1233 763 1298 792 aut
1323 766 1375 806 ex

80 818 215 857 ceteris
249 818 483 869 praedivite83
503 817 594 870 (his
622 817 724 855 enim
753 817 947 866 praecipue
972 815 1146 854 timenda
1173 815 1224 854 est
1245 817 1373 855 omnis

79 895 205 921 rerum
249 881 463 929 converfio,
494 881 579 931 ipsis
609 880 748 930 opibus
782 879 963 918 defideria
997 878 1263 929 potentiorum
1293 879 1375 918 irri-

80 943 275 983 tantibus:
307 943 325 996 )
359 940 467 980 nunc
493 951 623 980 autem
657 953 735 980 non
773 939 920 979 inimici
956 940 1075 979 modo
1108 948 1173 979 aut
1206 940 1371 991 divites,

80 1004 146 1044 sed
175 1004 389 1043 amicissimi
421 1004 586 1053 quique,
612 1012 745 1054 praeter
774 1004 809 1042 ὅ(
837 1001 1006 1052 ipsorum
1037 1003 1073 1041 &
1099 1002 1273 1041 omnium
1310 1015 1375 1041 ex.

79 1064 359 1116 spectationem
394 1064 739 1115 proscribebantur.
780 1064 871 1104 Non
898 1066 1003 1102 enim
1033 1063 1118 1102 unis
1140 1072 1290 1102 tantum
1322 1062 1372 1103 de

79 1129 198 1167 caufis
236 1127 516 1179 stringebantur
544 1128 851 1169 Triumvirorum
886 1126 1033 1177 gladii:
1068 1127 1133 1166 sed
1171 1130 1206 1167 &
1245 1128 1376 1178 priva->

77 1192 148 1230 tim
173 1191 276 1230 invisi
305 1190 507 1242 peribant,
536 1191 572 1229 &
602 1188 724 1228 multo
758 1186 888 1238 plures
914 1200 1048 1226 eorum
1067 1219 1078 1236 ‚
1101 1190 1166 1238 qui
1189 1190 1366 1229 domina·
1395 1187 1409 1192 ’

76 1261 158 1292 tum
184 1251 450 1291 affectantibus
484 1249 563 1290 ullo
602 1251 722 1291 modo
755 1249 902 1287 obstare
934 1247 1172 1289 videbantur.
1215 1250 1368 1291 Idcirco

80 1315 250 1365 quisquis
281 1324 401 1353 unum
433 1312 573 1351 horum
607 1310 807 1361 praecipuis
834 1309 1033 1348 affectatus
1062 1309 1193 1348 studiis
1219 1311 1365 1361 fuerat,

78 1389 100 1416 a
136 1376 288 1415 duobus
327 1388 397 1426 pro
438 1373 544 1412 hoste
581 1373 814 1419 notabatur;
849 1373 884 1410 ὃ(
918 1371 1006 1420 quia
1043 1371 1140 1409 duos
1174 1370 1371 1411 offendere

78 1450 177 1477 unus
210 1436 393 1481 nolebat,
425 1435 541 1473 etiam
566 1433 614 1473 ab
644 1433 719 1471 hoc
752 1433 887 1471 odium
918 1432 1151 1472 reddebatur
1185 1446 1253 1483 pro
1281 1446 1374 1485 gra.-

77 1499 156 1538 tia:
183 1507 225 1537 ut
250 1499 352 1538 idem
372 1497 492 1536 homo
519 1498 553 1536 &
579 1495 822 1535 amiciffimus
847 1495 1014 1545 cuipiam
1046 1494 1210 1542 horum,
1240 1496 1274 1533 &
1296 1495 1372 1534 ini-

79 1561 202 1600 micus
239 1562 416 1599 omnium
450 1559 655 1597 videretur.
691 1559 727 1597 8(
760 1557 848 1607 quia
882 1558 1052 1595 invicem
1081 1555 1118 1595 se
1145 1556 1370 1606 cogitabant

80 1623 346 1674 pessumdare,
368 1635 446 1661 non
474 1624 601 1660 minus
625 1622 787 1672 spoliare
807 1621 884 1661 sese
906 1630 1040 1661 mutuo
1065 1621 1199 1661 amicis
1216 1652 1226 1671 ,
1250 1636 1368 1673 quam

79 1685 216 1725 tollere
241 1685 390 1732 hostes,
415 1684 627 1724 studebant.

134 1756 220 1797 XL.
255 1756 377 1807 Igitur
405 1764 447 1794 ut
479 1754 554 1793 hoc
586 1754 894 1805 assequerentur,
920 1753 1032 1793 valde
1066 1753 1242 1794 illiberali
1279 1764 1371 1806 per-i

79 1820 297 1860 mutatione
327 1817 598 1857 concedebant
634 1817 799 1856 invicem
834 1816 1061 1855 necessarios
1099 1817 1184 1856 suos
1215 1818 1263 1856 ad
1294 1831 1368 1857 nee

79 1895 188 1931 cem,
218 1891 259 1920 ut
285 1881 444 1921 viciffim
466 1881 620 1921 alterius
650 1880 854 1920 familiares
882 1879 1079 1919 tollerent.
1101 1882 1136 1920 &
1159 1881 1183 1919 fi
1210 1881 1368 1931 quidem

77 1958 146 1997 par
171 1945 359 1984 videretur
388 1943 508 1990 ratio,
538 1942 673 1992 singuli
707 1955 776 1992 pro
812 1940 964 1992 singulis
1006 1941 1223 1990 dabantur,
1252 1942 1367 1981 iuter·

79 2009 173 2048 dum
208 2009 242 2047 &
279 2020 346 2057 pro
380 2019 458 2046 uno
494 2012 730 2056 praepotente
761 2012 836 2042 tres
867 2003 1015 2041 minore
1051 2003 1259 2054 dignitate,
1298 2015 1365 2042 aut

80 2080 254 2121 quatuor.
275 2069 366 2109 Tria
389 2068 502 2118 igitur
525 2067 572 2106 ad
598 2066 789 2106 summum
814 2064 951 2104 delicta
975 2074 1109 2112 erant,
1135 2078 1217 2116 quae
1243 2076 1366 2105 morte

77 2130 309 2170 vindicanda
334 2129 584 2178 judicabant,
600 2128 664 2178 qui
689 2136 771 2166 tum
785 2139 909 2166 rerum
927 2126 1184 2176 potiebantur.
1216 2128 1366 2175 Unum,

77 2193 104 2232 fi
127 2192 210 2243 quis
238 2192 417 2231 inimicus
449 2190 562 2231 esset:
597 2189 780 2238 alterum,
804 2189 827 2228 fi
859 2189 1004 2228 amicus
1028 2189 1093 2228 uni
1121 2200 1186 2228 aut
1214 2190 1367 2229 duobus

79 2252 237 2303 reliquis
263 2252 445 2303 collegis:
474 2253 656 2300 tertium,
680 2251 876 2303 firnagnas
897 2264 991 2302 opes
1017 2252 1233 2302 poffideret.
1259 2253 1367 2302 quod

76 2315 179 2354 enim
210 2316 258 2355 ad
291 2315 553 2366 perficienda,
580 2325 663 2366 quae
697 2315 826 2354 animo
864 2314 1164 2363 destinaverant,
1195 2313 1362 2364 plurima

137 2454 160 2498 5
185 2454 376 2489 xxxvm.
403 2456 550 2500 Appffian.
575 2456 657 2489 Dio.
683 2440 774 2489 mtt.
801 2456 838 2489 in
867 2456 997 2490 Arnon.
1033 2467 1062 2488 c,
1087 2454 1138 2487 26.
1165 2453 1243 2488 mv.
1271 2454 1364 2500 Epir.

81 2506 186 2545 Oros.
209 2508 252 2553 6,
283 2509 334 2544 18.
360 2509 448 2553 Plin.
473 2510 512 2555 6,
534 2520 589 2557 43.
613 2512 634 2556 §
660 2509 817 2559 XXXIX.
838 2508 987 2546 Lastant.
1009 2509 1052 2556 ὁ,
1076 2517 1128 2545 12.
1148 2506 1232 2546 Dim
