<?xml version="1.0" encoding="UTF-8"?>
<!DOCTYPE html PUBLIC "-//W3C//DTD XHTML 1.0 Transitional//EN"
    "http://www.w3.org/TR/xhtml1/DTD/xhtml1-transitional.dtd">
<html xmlns="http://www.w3.org/1999/xhtml" xml:lang="en" lang="en">
 <head>
  <title>
</title>
<meta http-equiv="Content-Type" content="text/html;charset=utf-8" />
  <meta name='ocr-system' content='tesseract 3.04.00' />
  <meta name='ocr-capabilities' content='ocr_page ocr_carea ocr_par ocr_line ocrx_word'/>
</head>
<body>
  <div class='ocr_page' id='page_1' title='image "./historiarumlibri11livyuoft_0177.png"; bbox 0 0 1685 3042; ppageno 0'>
   <div class='ocr_carea' id='block_1_1' title="bbox 56 225 75 236">
    <p class='ocr_par' dir='ltr' id='par_1_1' title="bbox 56 225 75 236">
     <span class='ocr_line' id='line_1_1' title="bbox 56 225 75 236; baseline 0 0"><span class='ocrx_word' id='word_1_1' title='bbox 56 225 75 236; x_wconf 49' lang='lat' dir='ltr'>N</span> 
     </span>
    </p>
   </div>
   <div class='ocr_carea' id='block_1_2' title="bbox 288 224 1395 288">
    <p class='ocr_par' dir='ltr' id='par_1_2' title="bbox 288 224 1395 288">
     <span class='ocr_line' id='line_1_2' title="bbox 288 224 1395 288; baseline -0.003 -12"><span class='ocrx_word' id='word_1_2' title='bbox 288 228 370 276; x_wconf 81' lang='grc' dir='ltr'>ιΝ</span> <span class='ocrx_word' id='word_1_3' title='bbox 415 226 582 274; x_wconf 78' lang='lat' dir='ltr'>Loc,</span> <span class='ocrx_word' id='word_1_4' title='bbox 627 225 767 271; x_wconf 68' lang='lat' dir='ltr'>Lis.</span> <span class='ocrx_word' id='word_1_5' title='bbox 819 224 980 270; x_wconf 79' lang='lat' dir='ltr'>cxix</span> <span class='ocrx_word' id='word_1_6' title='bbox 1028 226 1174 274; x_wconf 71' lang='lat' dir='ltr'>mv,</span> <span class='ocrx_word' id='word_1_7' title='bbox 1306 228 1395 288; x_wconf 80' lang='lat'>169</span> 
     </span>
    </p>
   </div>
   <div class='ocr_carea' id='block_1_3' title="bbox 118 329 1403 693">
    <p class='ocr_par' dir='ltr' id='par_1_3' title="bbox 118 329 1403 693">
     <span class='ocr_line' id='line_1_3' title="bbox 119 329 1402 384; baseline -0.004 -9"><span class='ocrx_word' id='word_1_8' title='bbox 119 337 204 375; x_wconf 71' lang='grc' dir='ltr'>3ἃο</span> <span class='ocrx_word' id='word_1_9' title='bbox 229 333 333 374; x_wconf 85' lang='lat' dir='ltr'>aliud</span> <span class='ocrx_word' id='word_1_10' title='bbox 360 333 508 384; x_wconf 80' lang='lat' dir='ltr'>accepit</span> <span class='ocrx_word' id='word_1_11' title='bbox 533 332 703 382; x_wconf 79' lang='lat' dir='ltr'>gravius,</span> <span class='ocrx_word' id='word_1_12' title='bbox 738 332 773 370; x_wconf 74' lang='lat' dir='ltr'>Sc</span> <span class='ocrx_word' id='word_1_13' title='bbox 796 343 844 369; x_wconf 76' lang='lat' dir='ltr'>ex</span> <span class='ocrx_word' id='word_1_14' title='bbox 876 329 1014 380; x_wconf 84' lang='lat' dir='ltr'>proelio</span> <span class='ocrx_word' id='word_1_15' title='bbox 1038 330 1158 371; x_wconf 78' lang='lat' dir='ltr'>elatus</span> <span class='ocrx_word' id='word_1_16' title='bbox 1191 332 1243 371; x_wconf 85' lang='lat' dir='ltr'>est</span> <span class='ocrx_word' id='word_1_17' title='bbox 1268 332 1402 372; x_wconf 83' lang='lat' dir='ltr'>Bono-</span> 
     </span>
     <span class='ocr_line' id='line_1_4' title="bbox 118 393 1397 444; baseline -0.002 -8"><span class='ocrx_word' id='word_1_18' title='bbox 118 399 236 436; x_wconf 72' lang='lat' dir='ltr'>niam.</span> <span class='ocrx_word' id='word_1_19' title='bbox 273 398 481 444; x_wconf 85' lang='lat' dir='ltr'>Antonius,</span> <span class='ocrx_word' id='word_1_20' title='bbox 500 395 682 433; x_wconf 52' lang='lat' dir='ltr'>victorem</span> <span class='ocrx_word' id='word_1_21' title='bbox 705 393 742 432; x_wconf 90' lang='lat' dir='ltr'>se</span> <span class='ocrx_word' id='word_1_22' title='bbox 765 393 914 441; x_wconf 85' lang='lat' dir='ltr'>ferens,</span> <span class='ocrx_word' id='word_1_23' title='bbox 949 393 1065 431; x_wconf 84' lang='lat' dir='ltr'>castra</span> <span class='ocrx_word' id='word_1_24' title='bbox 1087 394 1200 433; x_wconf 81' lang='lat' dir='ltr'>etiam</span> <span class='ocrx_word' id='word_1_25' title='bbox 1229 394 1397 435; x_wconf 81' lang='lat' dir='ltr'>hostium</span> 
     </span>
     <span class='ocr_line' id='line_1_5' title="bbox 120 452 1397 510; baseline -0.002 -13"><span class='ocrx_word' id='word_1_26' title='bbox 120 459 378 510; x_wconf 75' lang='lat' dir='ltr'>oppugnavit,</span> <span class='ocrx_word' id='word_1_27' title='bbox 406 468 528 506; x_wconf 82' lang='lat' dir='ltr'>neque</span> <span class='ocrx_word' id='word_1_28' title='bbox 552 468 686 505; x_wconf 80' lang='lat' dir='ltr'><strong>capere</strong></span> <span class='ocrx_word' id='word_1_29' title='bbox 709 454 861 505; x_wconf 84' lang='lat' dir='ltr'>potuit,</span> <span class='ocrx_word' id='word_1_30' title='bbox 890 452 1020 493; x_wconf 86' lang='lat' dir='ltr'>multis</span> <span class='ocrx_word' id='word_1_31' title='bbox 1045 455 1179 493; x_wconf 80' lang='lat' dir='ltr'>occisis</span> <span class='ocrx_word' id='word_1_32' title='bbox 1208 456 1397 496; x_wconf 83' lang='lat' dir='ltr'>tironibus</span> 
     </span>
     <span class='ocr_line' id='line_1_6' title="bbox 118 515 1401 567; baseline -0.005 -8"><span class='ocrx_word' id='word_1_33' title='bbox 118 519 264 567; x_wconf 86' lang='lat' dir='ltr'>Pansae,</span> <span class='ocrx_word' id='word_1_34' title='bbox 293 519 422 559; x_wconf 81' lang='lat' dir='ltr'>multis</span> <span class='ocrx_word' id='word_1_35' title='bbox 446 519 563 557; x_wconf 82' lang='lat' dir='ltr'>etiam</span> <span class='ocrx_word' id='word_1_36' title='bbox 584 516 722 556; x_wconf 70' lang='lat' dir='ltr'>amissis</span> <span class='ocrx_word' id='word_1_37' title='bbox 743 516 928 555; x_wconf 86' lang='lat' dir='ltr'>militibus</span> <span class='ocrx_word' id='word_1_38' title='bbox 949 515 1034 554; x_wconf 88' lang='lat' dir='ltr'>suis.</span> <span class='ocrx_word' id='word_1_39' title='bbox 1068 516 1218 555; x_wconf 80' lang='lat' dir='ltr'>Idcirco</span> <span class='ocrx_word' id='word_1_40' title='bbox 1232 547 1243 566; x_wconf 92' lang='lat'>,</span> <span class='ocrx_word' id='word_1_41' title='bbox 1270 531 1318 556; x_wconf 90' lang='lat' dir='ltr'>ne</span> <span class='ocrx_word' id='word_1_42' title='bbox 1338 520 1401 557; x_wconf 86' lang='lat' dir='ltr'>in-</span> 
     </span>
     <span class='ocr_line' id='line_1_7' title="bbox 118 577 1402 632; baseline -0.002 -11"><span class='ocrx_word' id='word_1_43' title='bbox 118 584 230 621; x_wconf 87' lang='lat' dir='ltr'>terim</span> <span class='ocrx_word' id='word_1_44' title='bbox 256 583 411 632; x_wconf 87' lang='lat' dir='ltr'>cognita</span> <span class='ocrx_word' id='word_1_45' title='bbox 432 593 471 620; x_wconf 92' lang='lat' dir='ltr'>re</span> <span class='ocrx_word' id='word_1_46' title='bbox 495 579 616 620; x_wconf 78' lang='lat' dir='ltr'>Caesar</span> <span class='ocrx_word' id='word_1_47' title='bbox 636 587 751 629; x_wconf 85' lang='lat' dir='ltr'>atque</span> <span class='ocrx_word' id='word_1_48' title='bbox 774 578 923 619; x_wconf 87' lang='lat' dir='ltr'>Hirtius</span> <span class='ocrx_word' id='word_1_49' title='bbox 949 577 1258 629; x_wconf 78' lang='lat' dir='ltr'>supervenirent,</span> <span class='ocrx_word' id='word_1_50' title='bbox 1284 579 1402 619; x_wconf 89' lang='lat' dir='ltr'>omis-</span> 
     </span>
     <span class='ocr_line' id='line_1_8' title="bbox 118 633 1403 693; baseline 0.001 -12"><span class='ocrx_word' id='word_1_51' title='bbox 118 644 155 682; x_wconf 81' lang='lat' dir='ltr'>sa</span> <span class='ocrx_word' id='word_1_52' title='bbox 187 643 476 693; x_wconf 78' lang='lat' dir='ltr'>oppugnatione</span> <span class='ocrx_word' id='word_1_53' title='bbox 504 642 730 687; x_wconf 84' lang='lat' dir='ltr'>castrorum,</span> <span class='ocrx_word' id='word_1_54' title='bbox 758 641 806 679; x_wconf 77' lang='lat' dir='ltr'>ad</span> <span class='ocrx_word' id='word_1_55' title='bbox 834 640 898 680; x_wconf 90' lang='lat' dir='ltr'>sua</span> <span class='ocrx_word' id='word_1_56' title='bbox 924 633 1076 680; x_wconf 80' lang='lat' dir='ltr'>reduxit</span> <span class='ocrx_word' id='word_1_57' title='bbox 1094 642 1319 682; x_wconf 76' lang='lat' dir='ltr'>exercituin.</span> <span class='ocrx_word' id='word_1_58' title='bbox 1354 644 1403 682; x_wconf 79' lang='lat' dir='ltr'>At</span> 
     </span>
    </p>
   </div>
   <div class='ocr_carea' id='block_1_4' title="bbox 61 702 1404 754">
    <p class='ocr_par' dir='ltr' id='par_1_4' title="bbox 61 702 1404 754">
     <span class='ocr_line' id='line_1_9' title="bbox 61 702 1404 754; baseline -0.001 -11"><span class='ocrx_word' id='word_1_59' title='bbox 61 723 65 726; x_wconf 85' lang='lat'><em>-</em></span> <span class='ocrx_word' id='word_1_60' title='bbox 119 705 291 752; x_wconf 79' lang='lat' dir='ltr'>Hirtius,</span> <span class='ocrx_word' id='word_1_61' title='bbox 317 705 366 743; x_wconf 83' lang='lat' dir='ltr'>ad</span> <span class='ocrx_word' id='word_1_62' title='bbox 398 703 658 743; x_wconf 71' lang='lat' dir='ltr'>defensionen]</span> <span class='ocrx_word' id='word_1_63' title='bbox 683 702 772 742; x_wconf 81' lang='lat' dir='ltr'>valli</span> <span class='ocrx_word' id='word_1_64' title='bbox 806 702 888 752; x_wconf 80' lang='lat' dir='ltr'>sui,</span> <span class='ocrx_word' id='word_1_65' title='bbox 920 704 1026 753; x_wconf 84' lang='lat' dir='ltr'>quod</span> <span class='ocrx_word' id='word_1_66' title='bbox 1057 703 1210 742; x_wconf 82' lang='lat' dir='ltr'>interim</span> <span class='ocrx_word' id='word_1_67' title='bbox 1236 716 1258 742; x_wconf 79' lang='lat' dir='ltr'><strong>a</strong></span> <span class='ocrx_word' id='word_1_68' title='bbox 1294 713 1404 754; x_wconf 79' lang='lat' dir='ltr'>parte</span> 
     </span>
    </p>
   </div>
   <div class='ocr_carea' id='block_1_5' title="bbox 115 762 1404 1495">
    <p class='ocr_par' dir='ltr' id='par_1_5' title="bbox 115 762 1404 1003">
     <span class='ocr_line' id='line_1_10' title="bbox 115 762 1404 817; baseline 0.001 -12"><span class='ocrx_word' id='word_1_69' title='bbox 115 762 276 805; x_wconf 83' lang='lat' dir='ltr'>suorum</span> <span class='ocrx_word' id='word_1_70' title='bbox 301 767 519 817; x_wconf 84' lang='lat' dir='ltr'>oppugnari</span> <span class='ocrx_word' id='word_1_71' title='bbox 550 766 740 806; x_wconf 83' lang='lat' dir='ltr'>Antonius</span> <span class='ocrx_word' id='word_1_72' title='bbox 774 763 948 814; x_wconf 82' lang='lat' dir='ltr'>jusserat,</span> <span class='ocrx_word' id='word_1_73' title='bbox 971 763 1104 804; x_wconf 48' lang='lat' dir='ltr'>relicto</span> <span class='ocrx_word' id='word_1_74' title='bbox 1126 765 1292 814; x_wconf 66' lang='lat' dir='ltr'>Caestzre,</span> <span class='ocrx_word' id='word_1_75' title='bbox 1312 779 1404 807; x_wconf 86' lang='lat' dir='ltr'>cum</span> 
     </span>
     <span class='ocr_line' id='line_1_11' title="bbox 117 825 1404 881; baseline 0.002 -17"><span class='ocrx_word' id='word_1_76' title='bbox 117 825 270 877; x_wconf 85' lang='lat' dir='ltr'>legione</span> <span class='ocrx_word' id='word_1_77' title='bbox 311 836 469 877; x_wconf 82' lang='lat' dir='ltr'>quarta,</span> <span class='ocrx_word' id='word_1_78' title='bbox 504 829 539 868; x_wconf 72' lang='grc' dir='ltr'>δι</span> <span class='ocrx_word' id='word_1_79' title='bbox 569 836 835 867; x_wconf 82' lang='lat' dir='ltr'>veteranorum</span> <span class='ocrx_word' id='word_1_80' title='bbox 873 827 1007 865; x_wconf 87' lang='lat' dir='ltr'>decem</span> <span class='ocrx_word' id='word_1_81' title='bbox 1038 826 1262 867; x_wconf 81' lang='lat' dir='ltr'>cohortibus</span> <span class='ocrx_word' id='word_1_82' title='bbox 1292 827 1404 881; x_wconf 81' lang='lat' dir='ltr'>(haec</span> 
     </span>
     <span class='ocr_line' id='line_1_12' title="bbox 116 890 1403 944; baseline 0 -15"><span class='ocrx_word' id='word_1_83' title='bbox 116 890 280 941; x_wconf 87' lang='lat' dir='ltr'>septima</span> <span class='ocrx_word' id='word_1_84' title='bbox 310 899 388 930; x_wconf 84' lang='lat' dir='ltr'>erat</span> <span class='ocrx_word' id='word_1_85' title='bbox 417 891 546 944; x_wconf 88' lang='lat' dir='ltr'>legio)</span> <span class='ocrx_word' id='word_1_86' title='bbox 574 890 747 930; x_wconf 84' lang='lat' dir='ltr'>redeunti</span> <span class='ocrx_word' id='word_1_87' title='bbox 772 890 938 930; x_wconf 84' lang='lat' dir='ltr'>Antonio</span> <span class='ocrx_word' id='word_1_88' title='bbox 977 891 1167 938; x_wconf 79' lang='lat' dir='ltr'>occurrit,</span> <span class='ocrx_word' id='word_1_89' title='bbox 1196 898 1403 942; x_wconf 81' lang='lat' dir='ltr'>appetente</span> 
     </span>
     <span class='ocr_line' id='line_1_13' title="bbox 118 952 388 1003; baseline 0.004 -12"><span class='ocrx_word' id='word_1_90' title='bbox 118 952 197 1001; x_wconf 60' lang='lat' dir='ltr'>jaiz&#39;i</span> <span class='ocrx_word' id='word_1_91' title='bbox 220 953 388 1003; x_wconf 82' lang='lat' dir='ltr'>vespera.</span> 
     </span>
    </p>

    <p class='ocr_par' dir='ltr' id='par_1_6' title="bbox 115 1013 1403 1495">
     <span class='ocr_line' id='line_1_14' title="bbox 173 1013 1401 1066; baseline -0.001 -12"><span class='ocrx_word' id='word_1_92' title='bbox 173 1014 262 1054; x_wconf 86' lang='lat' dir='ltr'>XII.</span> <span class='ocrx_word' id='word_1_93' title='bbox 294 1015 351 1055; x_wconf 91' lang='lat' dir='ltr'>Ibi</span> <span class='ocrx_word' id='word_1_94' title='bbox 375 1014 506 1054; x_wconf 82' lang='lat' dir='ltr'>defeffi</span> <span class='ocrx_word' id='word_1_95' title='bbox 535 1017 569 1054; x_wconf 70' lang='grc' dir='ltr'>δε</span> <span class='ocrx_word' id='word_1_96' title='bbox 593 1014 819 1060; x_wconf 75' lang='lat' dir='ltr'>inordinati,</span> <span class='ocrx_word' id='word_1_97' title='bbox 839 1013 887 1053; x_wconf 78' lang='lat' dir='ltr'>ab</span> <span class='ocrx_word' id='word_1_98' title='bbox 912 1015 1060 1065; x_wconf 87' lang='lat' dir='ltr'>integro</span> <span class='ocrx_word' id='word_1_99' title='bbox 1084 1014 1205 1054; x_wconf 89' lang='lat' dir='ltr'>milite</span> <span class='ocrx_word' id='word_1_100' title='bbox 1222 1014 1401 1066; x_wconf 78' lang='lat' dir='ltr'>excepti,</span> 
     </span>
     <span class='ocr_line' id='line_1_15' title="bbox 120 1075 1403 1130; baseline 0.002 -15"><span class='ocrx_word' id='word_1_101' title='bbox 120 1088 351 1127; x_wconf 83' lang='lat' dir='ltr'>quamquam</span> <span class='ocrx_word' id='word_1_102' title='bbox 385 1077 473 1117; x_wconf 80' lang='lat' dir='ltr'>satis</span> <span class='ocrx_word' id='word_1_103' title='bbox 513 1076 659 1116; x_wconf 85' lang='lat' dir='ltr'>fortiter</span> <span class='ocrx_word' id='word_1_104' title='bbox 690 1077 727 1116; x_wconf 85' lang='lat' dir='ltr'>se</span> <span class='ocrx_word' id='word_1_105' title='bbox 755 1075 1028 1130; x_wconf 29' lang='lat' dir='ltr'>defend-erent,</span> <span class='ocrx_word' id='word_1_106' title='bbox 1061 1077 1212 1118; x_wconf 79' lang='lat' dir='ltr'>cladem</span> <span class='ocrx_word' id='word_1_107' title='bbox 1240 1091 1403 1128; x_wconf 78' lang='lat' dir='ltr'>accepe-</span> 
     </span>
     <span class='ocr_line' id='line_1_16' title="bbox 119 1138 1401 1189; baseline 0.001 -13"><span class='ocrx_word' id='word_1_108' title='bbox 119 1147 230 1187; x_wconf 82' lang='lat' dir='ltr'>runt,</span> <span class='ocrx_word' id='word_1_109' title='bbox 254 1139 391 1188; x_wconf 84' lang='lat' dir='ltr'>majori</span> <span class='ocrx_word' id='word_1_110' title='bbox 417 1146 524 1189; x_wconf 84' lang='lat' dir='ltr'>parte</span> <span class='ocrx_word' id='word_1_111' title='bbox 556 1146 820 1178; x_wconf 83' lang='lat' dir='ltr'>veteranarum</span> <span class='ocrx_word' id='word_1_112' title='bbox 843 1138 999 1177; x_wconf 89' lang='lat' dir='ltr'>Antonii</span> <span class='ocrx_word' id='word_1_113' title='bbox 1031 1140 1230 1189; x_wconf 78' lang='lat' dir='ltr'>copiarum</span> <span class='ocrx_word' id='word_1_114' title='bbox 1264 1138 1401 1178; x_wconf 84' lang='lat' dir='ltr'>deleta.</span> 
     </span>
     <span class='ocr_line' id='line_1_17' title="bbox 117 1197 1403 1252; baseline -0.001 -13"><span class='ocrx_word' id='word_1_115' title='bbox 117 1197 163 1239; x_wconf 87' lang='lat' dir='ltr'>In</span> <span class='ocrx_word' id='word_1_116' title='bbox 192 1198 267 1239; x_wconf 91' lang='lat' dir='ltr'>hoc</span> <span class='ocrx_word' id='word_1_117' title='bbox 291 1199 428 1250; x_wconf 75' lang='lat' dir='ltr'>proelio</span> <span class='ocrx_word' id='word_1_118' title='bbox 453 1198 592 1238; x_wconf 84' lang='lat' dir='ltr'>summi</span> <span class='ocrx_word' id='word_1_119' title='bbox 619 1199 729 1237; x_wconf 87' lang='lat' dir='ltr'>ducis</span> <span class='ocrx_word' id='word_1_120' title='bbox 753 1206 867 1248; x_wconf 79' lang='lat' dir='ltr'>atque</span> <span class='ocrx_word' id='word_1_121' title='bbox 890 1197 1080 1236; x_wconf 83' lang='lat' dir='ltr'>fortiffimi</span> <span class='ocrx_word' id='word_1_122' title='bbox 1100 1198 1239 1252; x_wconf 66' lang='lat' dir='ltr'>lmilitis</span> <span class='ocrx_word' id='word_1_123' title='bbox 1270 1200 1403 1238; x_wconf 79' lang='lat' dir='ltr'>munia</span> 
     </span>
     <span class='ocr_line' id='line_1_18' title="bbox 117 1260 1403 1312; baseline 0.002 -14"><span class='ocrx_word' id='word_1_124' title='bbox 117 1260 249 1300; x_wconf 88' lang='lat' dir='ltr'>consul</span> <span class='ocrx_word' id='word_1_125' title='bbox 275 1262 468 1312; x_wconf 78' lang='lat' dir='ltr'>explevit,</span> <span class='ocrx_word' id='word_1_126' title='bbox 503 1274 586 1301; x_wconf 92' lang='lat' dir='ltr'>non</span> <span class='ocrx_word' id='word_1_127' title='bbox 606 1262 726 1300; x_wconf 89' lang='lat' dir='ltr'>modo</span> <span class='ocrx_word' id='word_1_128' title='bbox 751 1260 862 1300; x_wconf 86' lang='lat' dir='ltr'>rebus</span> <span class='ocrx_word' id='word_1_129' title='bbox 891 1260 1072 1300; x_wconf 90' lang='lat' dir='ltr'>omnibus</span> <span class='ocrx_word' id='word_1_130' title='bbox 1101 1261 1250 1311; x_wconf 86' lang='lat' dir='ltr'>optime</span> <span class='ocrx_word' id='word_1_131' title='bbox 1277 1262 1403 1312; x_wconf 75' lang='lat' dir='ltr'>provi-</span> 
     </span>
     <span class='ocr_line' id='line_1_19' title="bbox 115 1320 1402 1373; baseline 0 -13"><span class='ocrx_word' id='word_1_132' title='bbox 115 1321 194 1370; x_wconf 43' lang='lat' dir='ltr'>sis?</span> <span class='ocrx_word' id='word_1_133' title='bbox 219 1320 285 1361; x_wconf 88' lang='lat' dir='ltr'>sed</span> <span class='ocrx_word' id='word_1_134' title='bbox 313 1322 420 1361; x_wconf 79' lang='lat' dir='ltr'>adito</span> <span class='ocrx_word' id='word_1_135' title='bbox 446 1322 545 1361; x_wconf 88' lang='lat' dir='ltr'>inter</span> <span class='ocrx_word' id='word_1_136' title='bbox 570 1322 715 1373; x_wconf 85' lang='lat' dir='ltr'>primos</span> <span class='ocrx_word' id='word_1_137' title='bbox 749 1321 950 1372; x_wconf 88' lang='lat' dir='ltr'>periculo,</span> <span class='ocrx_word' id='word_1_138' title='bbox 991 1323 1027 1360; x_wconf 71' lang='lat' dir='ltr'>Sc</span> <span class='ocrx_word' id='word_1_139' title='bbox 1061 1320 1229 1371; x_wconf 81' lang='lat' dir='ltr'>aquilam</span> <span class='ocrx_word' id='word_1_140' title='bbox 1257 1331 1402 1371; x_wconf 79' lang='lat' dir='ltr'>quartae</span> 
     </span>
     <span class='ocr_line' id='line_1_20' title="bbox 117 1381 1398 1435; baseline -0.001 -14"><span class='ocrx_word' id='word_1_141' title='bbox 117 1381 280 1433; x_wconf 78' lang='lat' dir='ltr'>legionis</span> <span class='ocrx_word' id='word_1_142' title='bbox 310 1383 388 1434; x_wconf 88' lang='lat' dir='ltr'>ipse</span> <span class='ocrx_word' id='word_1_143' title='bbox 412 1384 452 1435; x_wconf 85' lang='lat' dir='ltr'>in</span> <span class='ocrx_word' id='word_1_144' title='bbox 475 1383 643 1423; x_wconf 87' lang='lat' dir='ltr'>hostium</span> <span class='ocrx_word' id='word_1_145' title='bbox 672 1383 826 1425; x_wconf 80' lang='lat' dir='ltr'>adversa</span> <span class='ocrx_word' id='word_1_146' title='bbox 853 1384 954 1434; x_wconf 84' lang='lat' dir='ltr'>signa</span> <span class='ocrx_word' id='word_1_147' title='bbox 984 1382 1162 1422; x_wconf 86' lang='lat' dir='ltr'>inserens.</span> <span class='ocrx_word' id='word_1_148' title='bbox 1189 1383 1308 1432; x_wconf 80' lang='lat' dir='ltr'>Quod</span> <span class='ocrx_word' id='word_1_149' title='bbox 1330 1383 1398 1421; x_wconf 81' lang='lat' dir='ltr'>nisi</span> 
     </span>
     <span class='ocr_line' id='line_1_21' title="bbox 116 1443 1403 1495; baseline 0 -12"><span class='ocrx_word' id='word_1_150' title='bbox 116 1456 198 1483; x_wconf 76' lang='lat' dir='ltr'>nox</span> <span class='ocrx_word' id='word_1_151' title='bbox 232 1446 268 1484; x_wconf 71' lang='grc' dir='ltr'>δε</span> <span class='ocrx_word' id='word_1_152' title='bbox 293 1443 478 1495; x_wconf 79' lang='lat' dir='ltr'>paludosa</span> <span class='ocrx_word' id='word_1_153' title='bbox 505 1445 648 1485; x_wconf 77' lang='lat' dir='ltr'>circuni</span> <span class='ocrx_word' id='word_1_154' title='bbox 680 1444 765 1484; x_wconf 88' lang='lat' dir='ltr'>loca</span> <span class='ocrx_word' id='word_1_155' title='bbox 795 1445 962 1484; x_wconf 86' lang='lat' dir='ltr'>Hirtium</span> <span class='ocrx_word' id='word_1_156' title='bbox 989 1444 1038 1483; x_wconf 86' lang='lat' dir='ltr'>ab</span> <span class='ocrx_word' id='word_1_157' title='bbox 1068 1445 1303 1495; x_wconf 85' lang='lat' dir='ltr'>insequendo</span> <span class='ocrx_word' id='word_1_158' title='bbox 1337 1445 1403 1483; x_wconf 81' lang='lat' dir='ltr'>de·</span> 
     </span>
    </p>
   </div>
   <div class='ocr_carea' id='block_1_6' title="bbox 117 1505 1469 1559">
    <p class='ocr_par' dir='ltr' id='par_1_7' title="bbox 117 1505 1469 1559">
     <span class='ocr_line' id='line_1_22' title="bbox 117 1505 1469 1559; baseline 0.002 -15"><span class='ocrx_word' id='word_1_159' title='bbox 117 1505 349 1556; x_wconf 74' lang='lat' dir='ltr'>terruissent,</span> <span class='ocrx_word' id='word_1_160' title='bbox 386 1508 528 1547; x_wconf 87' lang='lat' dir='ltr'>confici</span> <span class='ocrx_word' id='word_1_161' title='bbox 566 1507 710 1548; x_wconf 77' lang='lat' dir='ltr'>belluni</span> <span class='ocrx_word' id='word_1_162' title='bbox 748 1510 890 1559; x_wconf 85' lang='lat' dir='ltr'>potuit.</span> <span class='ocrx_word' id='word_1_163' title='bbox 935 1509 1031 1550; x_wconf 83' lang='lat' dir='ltr'>Haec</span> <span class='ocrx_word' id='word_1_164' title='bbox 1069 1511 1105 1548; x_wconf 68' lang='lat' dir='ltr'>Sc</span> <span class='ocrx_word' id='word_1_165' title='bbox 1136 1509 1290 1548; x_wconf 84' lang='lat' dir='ltr'>Antonii</span> <span class='ocrx_word' id='word_1_166' title='bbox 1321 1509 1402 1547; x_wconf 65' lang='lat' dir='ltr'>eri·</span> <span class='ocrx_word' id='word_1_167' title='bbox 1466 1522 1469 1525; x_wconf 92' lang='lat'>·</span> 
     </span>
    </p>
   </div>
   <div class='ocr_carea' id='block_1_7' title="bbox 116 1570 1402 2367">
    <p class='ocr_par' dir='ltr' id='par_1_8' title="bbox 116 1570 1402 2367">
     <span class='ocr_line' id='line_1_23' title="bbox 117 1570 1401 1622; baseline 0.002 -15"><span class='ocrx_word' id='word_1_168' title='bbox 117 1578 284 1618; x_wconf 85' lang='lat' dir='ltr'>puerunt</span> <span class='ocrx_word' id='word_1_169' title='bbox 317 1571 485 1620; x_wconf 84' lang='lat' dir='ltr'>equites,</span> <span class='ocrx_word' id='word_1_170' title='bbox 515 1573 550 1610; x_wconf 72' lang='grc' dir='ltr'>δε</span> <span class='ocrx_word' id='word_1_171' title='bbox 575 1570 632 1610; x_wconf 81' lang='lat' dir='ltr'>liis</span> <span class='ocrx_word' id='word_1_172' title='bbox 665 1572 905 1611; x_wconf 77' lang='lat' dir='ltr'>occasionem</span> <span class='ocrx_word' id='word_1_173' title='bbox 943 1571 1134 1611; x_wconf 87' lang='lat' dir='ltr'>dederunt</span> <span class='ocrx_word' id='word_1_174' title='bbox 1159 1571 1286 1622; x_wconf 89' lang='lat' dir='ltr'>plures</span> <span class='ocrx_word' id='word_1_175' title='bbox 1314 1572 1401 1610; x_wconf 79' lang='lat' dir='ltr'>suo-</span> 
     </span>
     <span class='ocr_line' id='line_1_24' title="bbox 117 1631 1394 1684; baseline 0.001 -14"><span class='ocrx_word' id='word_1_176' title='bbox 117 1645 202 1670; x_wconf 81' lang='lat' dir='ltr'>rum</span> <span class='ocrx_word' id='word_1_177' title='bbox 224 1632 483 1673; x_wconf 79' lang='lat' dir='ltr'>conservandi.</span> <span class='ocrx_word' id='word_1_178' title='bbox 519 1633 662 1683; x_wconf 86' lang='lat' dir='ltr'>quippe</span> <span class='ocrx_word' id='word_1_179' title='bbox 689 1632 836 1672; x_wconf 82' lang='lat' dir='ltr'>saucios</span> <span class='ocrx_word' id='word_1_180' title='bbox 856 1664 866 1682; x_wconf 88' lang='lat'>,</span> <span class='ocrx_word' id='word_1_181' title='bbox 904 1631 1112 1672; x_wconf 89' lang='lat' dir='ltr'>nonnullos</span> <span class='ocrx_word' id='word_1_182' title='bbox 1146 1634 1181 1673; x_wconf 74' lang='lat' dir='ltr'>Sc</span> <span class='ocrx_word' id='word_1_183' title='bbox 1203 1634 1394 1684; x_wconf 83' lang='lat' dir='ltr'>integros,</span> 
     </span>
     <span class='ocr_line' id='line_1_25' title="bbox 118 1694 1397 1746; baseline 0.002 -14"><span class='ocrx_word' id='word_1_184' title='bbox 118 1707 195 1744; x_wconf 80' lang='lat' dir='ltr'>prae</span> <span class='ocrx_word' id='word_1_185' title='bbox 240 1694 455 1734; x_wconf 76' lang='lat' dir='ltr'>lassitudine</span> <span class='ocrx_word' id='word_1_186' title='bbox 485 1694 525 1733; x_wconf 90' lang='lat' dir='ltr'>in</span> <span class='ocrx_word' id='word_1_187' title='bbox 560 1695 755 1746; x_wconf 84' lang='lat' dir='ltr'>uliginosis</span> <span class='ocrx_word' id='word_1_188' title='bbox 791 1695 887 1734; x_wconf 91' lang='lat' dir='ltr'>locis</span> <span class='ocrx_word' id='word_1_189' title='bbox 923 1695 1110 1735; x_wconf 85' lang='lat' dir='ltr'>haerentes</span> <span class='ocrx_word' id='word_1_190' title='bbox 1131 1725 1142 1744; x_wconf 96' lang='lat'>,</span> <span class='ocrx_word' id='word_1_191' title='bbox 1182 1695 1323 1746; x_wconf 87' lang='lat' dir='ltr'>partim</span> <span class='ocrx_word' id='word_1_192' title='bbox 1354 1694 1397 1734; x_wconf 87' lang='lat' dir='ltr'>in</span> 
     </span>
     <span class='ocr_line' id='line_1_26' title="bbox 119 1756 1402 1809; baseline 0 -13"><span class='ocrx_word' id='word_1_193' title='bbox 119 1769 238 1806; x_wconf 82' lang='lat' dir='ltr'>equos</span> <span class='ocrx_word' id='word_1_194' title='bbox 263 1757 528 1808; x_wconf 78' lang='lat' dir='ltr'>imponendo,</span> <span class='ocrx_word' id='word_1_195' title='bbox 561 1757 656 1798; x_wconf 82' lang='lat' dir='ltr'>alios</span> <span class='ocrx_word' id='word_1_196' title='bbox 686 1758 909 1809; x_wconf 86' lang='lat' dir='ltr'>recipiendo</span> <span class='ocrx_word' id='word_1_197' title='bbox 938 1757 1022 1808; x_wconf 87' lang='lat' dir='ltr'>post</span> <span class='ocrx_word' id='word_1_198' title='bbox 1049 1766 1178 1809; x_wconf 80' lang='lat' dir='ltr'>terga,</span> <span class='ocrx_word' id='word_1_199' title='bbox 1213 1760 1249 1798; x_wconf 88' lang='lat'>&amp;</span> <span class='ocrx_word' id='word_1_200' title='bbox 1271 1756 1402 1797; x_wconf 87' lang='lat' dir='ltr'>valen-</span> 
     </span>
     <span class='ocr_line' id='line_1_27' title="bbox 117 1812 1398 1873; baseline 0.001 -17"><span class='ocrx_word' id='word_1_201' title='bbox 117 1816 301 1873; x_wconf 78' lang='lat' dir='ltr'>tissimum</span> <span class='ocrx_word' id='word_1_202' title='bbox 329 1830 520 1868; x_wconf 85' lang='lat' dir='ltr'>quemque</span> <span class='ocrx_word' id='word_1_203' title='bbox 542 1812 722 1868; x_wconf 84' lang='lat' dir='ltr'>jubentes</span> <span class='ocrx_word' id='word_1_204' title='bbox 755 1819 939 1870; x_wconf 82' lang='lat' dir='ltr'>correptis</span> <span class='ocrx_word' id='word_1_205' title='bbox 964 1832 1155 1869; x_wconf 85' lang='lat' dir='ltr'>equorum</span> <span class='ocrx_word' id='word_1_206' title='bbox 1183 1820 1314 1859; x_wconf 86' lang='lat' dir='ltr'>caudis</span> <span class='ocrx_word' id='word_1_207' title='bbox 1335 1831 1398 1857; x_wconf 86' lang='lat' dir='ltr'>ac-</span> 
     </span>
     <span class='ocr_line' id='line_1_28' title="bbox 116 1880 1396 1932; baseline 0.002 -14"><span class='ocrx_word' id='word_1_208' title='bbox 116 1880 283 1920; x_wconf 86' lang='lat' dir='ltr'>celerare</span> <span class='ocrx_word' id='word_1_209' title='bbox 312 1881 469 1931; x_wconf 80' lang='lat' dir='ltr'>fugam,</span> <span class='ocrx_word' id='word_1_210' title='bbox 497 1893 679 1932; x_wconf 86' lang='lat' dir='ltr'>magnum</span> <span class='ocrx_word' id='word_1_211' title='bbox 706 1893 841 1921; x_wconf 87' lang='lat' dir='ltr'>eorum</span> <span class='ocrx_word' id='word_1_212' title='bbox 868 1892 1072 1922; x_wconf 87' lang='lat' dir='ltr'>numerum</span> <span class='ocrx_word' id='word_1_213' title='bbox 1098 1884 1335 1922; x_wconf 75' lang='lat' dir='ltr'>reduxerunt</span> <span class='ocrx_word' id='word_1_214' title='bbox 1354 1883 1396 1922; x_wconf 89' lang='lat' dir='ltr'>in</span> 
     </span>
     <span class='ocr_line' id='line_1_29' title="bbox 117 1941 1344 1994; baseline 0.004 -14"><span class='ocrx_word' id='word_1_215' title='bbox 117 1941 234 1981; x_wconf 81' lang='lat' dir='ltr'>castra</span> <span class='ocrx_word' id='word_1_216' title='bbox 266 1943 315 1982; x_wconf 89' lang='lat' dir='ltr'>ad</span> <span class='ocrx_word' id='word_1_217' title='bbox 347 1942 568 1990; x_wconf 77' lang='lat' dir='ltr'>mutinam,</span> <span class='ocrx_word' id='word_1_218' title='bbox 594 1952 726 1994; x_wconf 80' lang='lat' dir='ltr'>quarta</span> <span class='ocrx_word' id='word_1_219' title='bbox 749 1944 908 1984; x_wconf 87' lang='lat' dir='ltr'>demum</span> <span class='ocrx_word' id='word_1_220' title='bbox 932 1946 1055 1984; x_wconf 65' lang='lat' dir='ltr'>noc‘iis</span> <span class='ocrx_word' id='word_1_221' title='bbox 1081 1945 1175 1985; x_wconf 87' lang='lat' dir='ltr'>hora</span> <span class='ocrx_word' id='word_1_222' title='bbox 1199 1945 1344 1985; x_wconf 75' lang='lat' dir='ltr'>reversi.</span> 
     </span>
     <span class='ocr_line' id='line_1_30' title="bbox 171 2003 1400 2057; baseline 0.002 -14"><span class='ocrx_word' id='word_1_223' title='bbox 171 2003 280 2044; x_wconf 85' lang='lat' dir='ltr'>XIII.</span> <span class='ocrx_word' id='word_1_224' title='bbox 305 2003 462 2054; x_wconf 81' lang='lat' dir='ltr'>Aquilas</span> <span class='ocrx_word' id='word_1_225' title='bbox 492 2004 613 2052; x_wconf 82' lang='lat' dir='ltr'>duas,</span> <span class='ocrx_word' id='word_1_226' title='bbox 651 2005 752 2056; x_wconf 86' lang='lat' dir='ltr'>figna</span> <span class='ocrx_word' id='word_1_227' title='bbox 777 2007 840 2045; x_wconf 80' lang='lat' dir='ltr'>sex</span> <span class='ocrx_word' id='word_1_228' title='bbox 869 2008 906 2046; x_wconf 65' lang='lat' dir='ltr'>Sc</span> <span class='ocrx_word' id='word_1_229' title='bbox 937 2006 1128 2057; x_wconf 71' lang='lat' dir='ltr'>sexaginta</span> <span class='ocrx_word' id='word_1_230' title='bbox 1155 2008 1317 2048; x_wconf 72' lang='lat' dir='ltr'>victores</span> <span class='ocrx_word' id='word_1_231' title='bbox 1341 2019 1400 2046; x_wconf 82' lang='lat' dir='ltr'>re-</span> 
     </span>
     <span class='ocr_line' id='line_1_31' title="bbox 117 2062 1398 2119; baseline 0.005 -17"><span class='ocrx_word' id='word_1_232' title='bbox 117 2062 299 2106; x_wconf 84' lang='lat' dir='ltr'>tulerunt.</span> <span class='ocrx_word' id='word_1_233' title='bbox 341 2066 402 2106; x_wconf 90' lang='lat' dir='ltr'>Sic</span> <span class='ocrx_word' id='word_1_234' title='bbox 425 2075 573 2117; x_wconf 79' lang='lat' dir='ltr'>aequata</span> <span class='ocrx_word' id='word_1_235' title='bbox 595 2067 711 2117; x_wconf 80' lang='lat' dir='ltr'>partis</span> <span class='ocrx_word' id='word_1_236' title='bbox 736 2067 932 2119; x_wconf 88' lang='lat' dir='ltr'>utriusque</span> <span class='ocrx_word' id='word_1_237' title='bbox 966 2069 1145 2117; x_wconf 83' lang='lat' dir='ltr'>fortuna,</span> <span class='ocrx_word' id='word_1_238' title='bbox 1172 2083 1251 2108; x_wconf 87' lang='lat' dir='ltr'>non</span> <span class='ocrx_word' id='word_1_239' title='bbox 1273 2068 1398 2109; x_wconf 85' lang='lat' dir='ltr'>solum</span> 
     </span>
     <span class='ocr_line' id='line_1_32' title="bbox 118 2126 1398 2183; baseline 0.004 -17"><span class='ocrx_word' id='word_1_240' title='bbox 118 2126 290 2175; x_wconf 85' lang='lat' dir='ltr'>Hirtius,</span> <span class='ocrx_word' id='word_1_241' title='bbox 319 2129 428 2177; x_wconf 78' lang='lat' dir='ltr'>cujus</span> <span class='ocrx_word' id='word_1_242' title='bbox 461 2129 500 2168; x_wconf 90' lang='lat' dir='ltr'>id</span> <span class='ocrx_word' id='word_1_243' title='bbox 526 2130 723 2180; x_wconf 88' lang='lat' dir='ltr'>proprium</span> <span class='ocrx_word' id='word_1_244' title='bbox 745 2131 862 2170; x_wconf 83' lang='lat' dir='ltr'>decus</span> <span class='ocrx_word' id='word_1_245' title='bbox 888 2131 1033 2180; x_wconf 84' lang='lat' dir='ltr'>fuerat,</span> <span class='ocrx_word' id='word_1_246' title='bbox 1067 2131 1130 2171; x_wconf 85' lang='lat' dir='ltr'>sed</span> <span class='ocrx_word' id='word_1_247' title='bbox 1160 2131 1278 2173; x_wconf 74' lang='lat' dir='ltr'>Pansa</span> <span class='ocrx_word' id='word_1_248' title='bbox 1302 2146 1398 2183; x_wconf 87' lang='lat' dir='ltr'>quo-</span> 
     </span>
     <span class='ocr_line' id='line_1_33' title="bbox 119 2188 1399 2244; baseline 0.005 -18"><span class='ocrx_word' id='word_1_249' title='bbox 119 2200 193 2237; x_wconf 89' lang='lat' dir='ltr'>que</span> <span class='ocrx_word' id='word_1_250' title='bbox 216 2189 250 2227; x_wconf 68' lang='grc' dir='ltr'>ἅ</span> <span class='ocrx_word' id='word_1_251' title='bbox 277 2188 418 2237; x_wconf 80' lang='lat' dir='ltr'>Caesar,</span> <span class='ocrx_word' id='word_1_252' title='bbox 435 2203 456 2229; x_wconf 72' lang='lat' dir='ltr'>a</span> <span class='ocrx_word' id='word_1_253' title='bbox 483 2190 692 2238; x_wconf 83' lang='lat' dir='ltr'>militibus,</span> <span class='ocrx_word' id='word_1_254' title='bbox 721 2193 757 2232; x_wconf 64' lang='grc' dir='ltr'>ἃς</span> <span class='ocrx_word' id='word_1_255' title='bbox 780 2206 870 2231; x_wconf 75' lang='lat' dir='ltr'>mox</span> <span class='ocrx_word' id='word_1_256' title='bbox 894 2193 941 2233; x_wconf 79' lang='lat' dir='ltr'>ab</span> <span class='ocrx_word' id='word_1_257' title='bbox 969 2194 1100 2234; x_wconf 70' lang='lat' dir='ltr'>senatu</span> <span class='ocrx_word' id='word_1_258' title='bbox 1115 2225 1125 2241; x_wconf 83' lang='lat'>,</span> <span class='ocrx_word' id='word_1_259' title='bbox 1141 2195 1189 2234; x_wconf 81' lang='lat' dir='ltr'>ad</span> <span class='ocrx_word' id='word_1_260' title='bbox 1214 2207 1330 2244; x_wconf 83' lang='lat' dir='ltr'>quem</span> <span class='ocrx_word' id='word_1_261' title='bbox 1349 2193 1399 2233; x_wconf 91' lang='lat' dir='ltr'>li-</span> 
     </span>
     <span class='ocr_line' id='line_1_34' title="bbox 116 2251 1394 2308; baseline 0.006 -21"><span class='ocrx_word' id='word_1_262' title='bbox 116 2257 214 2289; x_wconf 82' lang='lat' dir='ltr'>teras</span> <span class='ocrx_word' id='word_1_263' title='bbox 246 2251 394 2292; x_wconf 89' lang='lat' dir='ltr'>Hirtius</span> <span class='ocrx_word' id='word_1_264' title='bbox 423 2255 458 2292; x_wconf 80' lang='lat'>&amp;</span> <span class='ocrx_word' id='word_1_265' title='bbox 487 2253 607 2293; x_wconf 66' lang='lat' dir='ltr'>Gaesar</span> <span class='ocrx_word' id='word_1_266' title='bbox 633 2254 872 2305; x_wconf 80' lang='lat' dir='ltr'>scripserant,</span> <span class='ocrx_word' id='word_1_267' title='bbox 903 2257 1083 2308; x_wconf 78' lang='lat' dir='ltr'>appellati</span> <span class='ocrx_word' id='word_1_268' title='bbox 1116 2256 1202 2296; x_wconf 85' lang='lat' dir='ltr'>sunt</span> <span class='ocrx_word' id='word_1_269' title='bbox 1226 2257 1394 2307; x_wconf 78' lang='lat' dir='ltr'>[mpera-</span> 
     </span>
     <span class='ocr_line' id='line_1_35' title="bbox 117 2309 1394 2367; baseline 0.005 -18"><span class='ocrx_word' id='word_1_270' title='bbox 117 2317 237 2364; x_wconf 80' lang='lat' dir='ltr'>tores:</span> <span class='ocrx_word' id='word_1_271' title='bbox 263 2309 495 2365; x_wconf 78' lang='lat' dir='ltr'>quamquam</span> <span class='ocrx_word' id='word_1_272' title='bbox 522 2315 722 2355; x_wconf 81' lang='lat' dir='ltr'>adversum</span> <span class='ocrx_word' id='word_1_273' title='bbox 752 2315 1087 2367; x_wconf 69' lang='lat' dir='ltr'>proeiium‘Pansa</span> <span class='ocrx_word' id='word_1_274' title='bbox 1114 2318 1283 2365; x_wconf 80' lang='lat' dir='ltr'>fecerat,</span> <span class='ocrx_word' id='word_1_275' title='bbox 1314 2316 1394 2356; x_wconf 69' lang='lat' dir='ltr'>Cae-</span> 
     </span>
    </p>
   </div>
   <div class='ocr_carea' id='block_1_8' title="bbox 113 2447 1394 2584">
    <p class='ocr_par' dir='ltr' id='par_1_9' title="bbox 113 2447 1394 2584">
     <span class='ocr_line' id='line_1_36' title="bbox 162 2447 1394 2496; baseline 0.006 -16"><span class='ocrx_word' id='word_1_276' title='bbox 162 2447 185 2490; x_wconf 67' lang='lat'><strong>5</strong></span> <span class='ocrx_word' id='word_1_277' title='bbox 210 2448 269 2481; x_wconf 85' lang='lat' dir='ltr'>XI.</span> <span class='ocrx_word' id='word_1_278' title='bbox 299 2449 480 2489; x_wconf 73' lang='lat' dir='ltr'>Cic.,Phi1.</span> <span class='ocrx_word' id='word_1_279' title='bbox 506 2462 566 2492; x_wconf 80' lang='lat'>14,</span> <span class='ocrx_word' id='word_1_280' title='bbox 583 2461 623 2493; x_wconf 89' lang='lat'>9,</span> <span class='ocrx_word' id='word_1_281' title='bbox 647 2450 679 2484; x_wconf 88' lang='lat'>&amp;</span> <span class='ocrx_word' id='word_1_282' title='bbox 698 2451 850 2485; x_wconf 79' lang='lat' dir='ltr'>familiar.</span> <span class='ocrx_word' id='word_1_283' title='bbox 875 2463 937 2496; x_wconf 75' lang='grc' dir='ltr'>ιο,</span> <span class='ocrx_word' id='word_1_284' title='bbox 964 2453 1027 2494; x_wconf 81' lang='lat'>36,</span> <span class='ocrx_word' id='word_1_285' title='bbox 1049 2452 1082 2485; x_wconf 72' lang='lat'>8(</span> <span class='ocrx_word' id='word_1_286' title='bbox 1102 2465 1155 2496; x_wconf 87' lang='lat' dir='ltr'>ep.</span> <span class='ocrx_word' id='word_1_287' title='bbox 1183 2452 1222 2484; x_wconf 84' lang='lat' dir='ltr'>ad</span> <span class='ocrx_word' id='word_1_288' title='bbox 1244 2453 1338 2485; x_wconf 76' lang='lat' dir='ltr'>Brut.</span> <span class='ocrx_word' id='word_1_289' title='bbox 1357 2460 1394 2494; x_wconf 78' lang='lat'>3.&#39;</span> 
     </span>
     <span class='ocr_line' id='line_1_37' title="bbox 119 2490 1384 2542; baseline 0.006 -19"><span class='ocrx_word' id='word_1_290' title='bbox 119 2490 223 2524; x_wconf 89' lang='lat' dir='ltr'>Oros.</span> <span class='ocrx_word' id='word_1_291' title='bbox 248 2493 287 2533; x_wconf 82' lang='lat'>6,</span> <span class='ocrx_word' id='word_1_292' title='bbox 316 2496 363 2526; x_wconf 74' lang='lat'>18.</span> <span class='ocrx_word' id='word_1_293' title='bbox 391 2494 458 2529; x_wconf 87' lang='lat' dir='ltr'>Jul.</span> <span class='ocrx_word' id='word_1_294' title='bbox 482 2493 607 2539; x_wconf 81' lang='lat' dir='ltr'>Obseq.</span> <span class='ocrx_word' id='word_1_295' title='bbox 633 2508 661 2528; x_wconf 92' lang='lat' dir='ltr'>c.</span> <span class='ocrx_word' id='word_1_296' title='bbox 695 2497 763 2529; x_wconf 74' lang='lat'>123.</span> <span class='ocrx_word' id='word_1_297' title='bbox 786 2497 866 2531; x_wconf 73' lang='lat' dir='ltr'>Dio.</span> <span class='ocrx_word' id='word_1_298' title='bbox 894 2498 915 2542; x_wconf 84' lang='lat'>§</span> <span class='ocrx_word' id='word_1_299' title='bbox 944 2499 1020 2532; x_wconf 85' lang='lat' dir='ltr'>XII.</span> <span class='ocrx_word' id='word_1_300' title='bbox 1049 2498 1122 2531; x_wconf 77' lang='lat' dir='ltr'>Cic.</span> <span class='ocrx_word' id='word_1_301' title='bbox 1149 2497 1300 2531; x_wconf 77' lang='lat' dir='ltr'>familiar.</span> <span class='ocrx_word' id='word_1_302' title='bbox 1325 2507 1384 2538; x_wconf 76' lang='grc' dir='ltr'>ιο,</span> 
     </span>
     <span class='ocr_line' id='line_1_38' title="bbox 113 2536 682 2584; baseline -0.002 -11"><span class='ocrx_word' id='word_1_303' title='bbox 113 2545 154 2581; x_wconf 76' lang='grc'>33</span> <span class='ocrx_word' id='word_1_304' title='bbox 174 2562 184 2578; x_wconf 72' lang='grc'>,</span> <span class='ocrx_word' id='word_1_305' title='bbox 209 2536 243 2573; x_wconf 71' lang='grc' dir='ltr'>ὅζ</span> <span class='ocrx_word' id='word_1_306' title='bbox 261 2537 346 2576; x_wconf 72' lang='lat' dir='ltr'>Phil.</span> <span class='ocrx_word' id='word_1_307' title='bbox 376 2551 432 2582; x_wconf 81' lang='lat'>14,</span> <span class='ocrx_word' id='word_1_308' title='bbox 458 2552 508 2574; x_wconf 84' lang='lat'>10.</span> <span class='ocrx_word' id='word_1_309' title='bbox 535 2541 682 2584; x_wconf 60' lang='lat' dir='ltr'>Appiam.</span> 
     </span>
    </p>
   </div>
  </div>
 </body>
</html>
