1685 3042
255 236 335 282 IN
372 234 559 297 LOC.
604 235 741 281 LIB.
790 236 1010 285 CXXVII
1063 239 1198 287 LIV.
1254 254 1341 304 355

63 344 147 378 tum
169 337 234 377 fibi
267 340 429 389 gratiam
458 338 562 390 apud
588 337 772 378 Caesarem
811 342 1056 405 praestruens,
1081 344 1108 385 fi
1136 346 1233 386 forte
1263 350 1348 398 ejus

65 399 334 440 benevolentia
362 414 458 451 opus
485 399 694 450 aliquando
722 401 922 442 habuisset.

120 471 284 511 XXVII.
299 471 454 510 Interim
472 472 511 510 in
537 470 672 510 urbem
699 472 813 511 ambo
840 473 1109 524 imperatores,
1127 491 1263 529 magna
1286 481 1348 519 lae.

65 534 152 572 titia
178 535 473 582 deducentium,
491 543 648 574 ovantes
671 534 821 585 ingressi
844 535 930 574 sunt
945 567 956 583 ,
982 536 1057 576 hoc
1080 539 1233 580 decreto
1259 543 1350 593 ipsis

67 596 120 635 ob
155 609 287 647 pacem
315 596 454 636 fastam
489 597 648 636 honore.
681 597 778 636 Mox
804 598 944 648 nuptiis
978 600 1137 653 Antonii
1168 604 1202 641 ἃ
1230 605 1350 643 Ocra-

67 658 138 698 viae
161 657 388 705 celebratis,
421 659 459 696 in
485 660 631 698 amicos
665 658 887 699 effuderunt
915 661 1006 699 iram
1025 691 1037 709 ‚
1066 676 1229 713 quorum
1256 666 1355 706 sem-

69 730 140 768 per
173 718 241 757 sub
279 721 632 760 reconciliationem
667 721 885 771 principum
927 723 1136 773 periculosa
1178 727 1352 765 conditio

73 780 138 819 est.
167 780 289 821 Caesar
314 782 494 821 Manium
523 783 691 823 Antonio
719 784 1015 826 criminabatur:
1042 785 1106 824 hic
1129 796 1263 826 contra
1287 789 1356 827 de-

69 843 217 884 ferebat
254 845 528 886 Salvidienum.
579 846 701 897 Igitur
743 847 920 887 Manium
959 849 1146 889 Antonius
1180 850 1352 900 sustulit,

71 916 115 946 ut
146 907 235 946 belli
259 908 417 947 Perusini
441 909 593 948 facem:
625 906 745 948 Caesar
775 908 1037 950 Salvidienum
1066 914 1239 952 evocavit
1274 915 1354 954 Ro..

71 981 202 1018 mam,
241 970 340 1020 quali
367 983 461 1009 mox
498 969 724 1009 remissurus,
763 970 840 1010 Ubi
875 970 1006 1019 affuit,
1045 974 1278 1022 proditionis
1309 976 1352 1015 in

69 1029 202 1070 senatu
230 1031 449 1078 accusatus,
479 1031 606 1070 indice
634 1032 800 1070 Antonio
816 1063 827 1080 ‚
851 1032 900 1071 ad
925 1045 1036 1083 quem
1066 1033 1210 1084 legatos
1232 1037 1353 1076 Brun-

73 1093 209 1133 difium
239 1094 414 1141 miserat,
442 1095 507 1134 ubi
545 1095 583 1134 se
619 1096 792 1134 damnari
825 1096 945 1144 vidit,
981 1095 1192 1136 voluntaria
1227 1111 1352 1139 morte

71 1157 198 1207 periit.
232 1158 443 1197 exercitum
476 1161 557 1208 ejus
583 1158 723 1206 Caesar,
757 1168 800 1198 ut
828 1159 1062 1210 suspefftum,
1097 1164 1133 1201 ὁὶ
1162 1162 1351 1213 supplicio

72 1219 181 1259 ducis
205 1219 392 1258 offensum
408 1251 419 1267 ,
444 1222 609 1260 Antonio
632 1222 800 1261 tradidit.
830 1221 964 1272 Neque
989 1231 1131 1263 temere
1158 1226 1351 1266 dimitten-

72 1282 122 1321 da
151 1282 203 1321 est
225 1281 428 1322 Salvidieni
455 1282 567 1332 hujus
601 1284 767 1331 mentio,
790 1284 830 1322 in
861 1297 937 1334 quo
969 1285 1138 1336 conspici
1169 1301 1353 1339 magnum

73 1343 267 1394 utriusque
290 1344 451 1383 fortunae
482 1346 758 1383 documentum
780 1346 911 1395 potest.
943 1346 1257 1389 Obscuriffimum
1282 1351 1355 1392 ho-

73 1407 171 1447 mini
195 1419 314 1457 genus
333 1408 567 1457 contigerat3
594 1406 659 1446 sed
693 1409 862 1447 emicans
894 1421 942 1448 ex
966 1410 1072 1460 pueri
1094 1414 1221 1462 capite
1243 1415 1357 1454 flam-

72 1482 160 1517 ma,
198 1470 290 1509 dum
316 1469 493 1520 'gregibus
518 1470 716 1520 pascendis
741 1480 969 1522 occupatur,
996 1473 1131 1522 injecit
1159 1475 1262 1525 spem
1288 1479 1354 1517 de-

72 1530 327 1579 fidetiumque
353 1530 488 1569 futurae
515 1530 763 1570 claritudinis.
794 1531 890 1572 Inde
921 1532 1146 1574 militaribus
1172 1537 1356 1578 facinori.

74 1594 149 1635 bus:
171 1603 283 1631 notus
298 1592 479 1642 carusque
492 1592 622 1632 Caesari
634 1624 644 1641 ,
661 1606 706 1632 eo
727 1593 921 1644 dignitatis
937 1594 1125 1644 ascendit,
1141 1606 1204 1649 ut,
1220 1614 1355 1650 quam-

76 1669 192 1706 quam
226 1652 374 1693 senator
415 1656 591 1694 nondum
623 1655 773 1705 fuisset,
796 1656 927 1696 consul
968 1658 1242 1711 defignaretur3
1272 1665 1356 1714 post

75 1717 305 1766 Pompejum
346 1718 381 1755 δε
421 1715 545 1766 ipsum
578 1716 761 1756 Caesarem
801 1718 959 1767 tertius,
987 1720 1050 1770 qui
1077 1722 1126 1760 ad
1162 1721 1355 1765 summum

77 1779 235 1819 honoris
263 1778 422 1829 gradum
446 1791 494 1818 ex
522 1779 679 1829 equestri
711 1780 845 1820 ordine
875 1780 1169 1824 transcendisset.
1202 1787 1292 1836 quin
1318 1789 1356 1827 δε

77 1843 119 1881 in
152 1842 339 1881 honorem
367 1843 471 1891 ejus,
495 1842 634 1891 frater,
663 1844 726 1893 qui
748 1844 862 1894 paulo
886 1854 975 1884 ante
1001 1846 1078 1886 vita
1101 1849 1359 1901 concesserat,

75 1903 187 1956 supra
217 1902 386 1943 Tiberim
417 1903 602 1944 exstructo
629 1914 746 1955 ponte
768 1904 887 1945 elatus
909 1907 972 1945 est.

133 1974 318 2017 XXVHL
350 1978 397 2015 At
426 1975 507 2015 haec
528 1975 689 2016 felicitas
713 1986 867 2027 repente
894 1976 1078 2028 collapsa,
1105 1979 1356 2030 improvisum

87 2040 123 2079 ἃ
158 2047 307 2088 turpem
341 2038 483 2076 exitum
517 2036 660 2078 habuit.
694 2038 852 2077 Senatus
884 2040 1005 2091 hostem
1029 2039 1205 2092 publicum
1239 2042 1361 2095 appel-

82 2101 249 2146 landum,
271 2100 609 2153 supplicationesque
630 2111 765 2152 propter
784 2100 934 2152 opprffz
959 2099 1033 2151 ejus
1059 2102 1195 2153 nefaria
1218 2104 1359 2155 confilia

25 2205 27 2207 ,
86 2162 275 2202 decrevit:
306 2162 570 2215 Tsiumvirisque
598 2162 781 2215 custodiam
811 2163 908 2200 urbis
935 2163 1154 2213 mandavit,
1184 2177 1274 2205 cum
1301 2166 1359 2205 so-

86 2223 204 2264 lemni
224 2224 413 2272 carmine,
446 2239 488 2261 ne
518 2224 604 2276 quid
621 2223 807 2275 respublica
847 2225 1037 2263 detrimenti
1064 2239 1244 2276 pateretur.
1278 2227 1358 2268 Sub

86 2287 191 2325 {dem
221 2295 371 2337 tempus
406 2285 597 2325 defunctis
634 2285 814 2335 Dejotaro
848 2286 1129 2338 Gallograeciae,
1163 2291 1198 2328 &
1230 2290 1358 2330 Attalo

87 2346 356 2398 Paphlagoniae
401 2347 564 2398 regulis,
608 2347 804 2398 utriusque
844 2349 1053 2389 tetrarchiae
1087 2350 1232 2390 Castori
1274 2351 1361 2392 sunt

139 2465 163 2508 §
187 2465 310 2498 XXVI.
335 2466 414 2498 Dio.
442 2466 588 2509 Appian.
611 2465 699 2499 Plut.
721 2467 865 2499 Sueton-
887 2467 921 2498 in
938 2467 1030 2511 Aug.
1046 2479 1076 2500 c.
1098 2478 1152 2500 22.
1176 2468 1363 2514 §XXVIB

103 2516 244 2559 Appian.
271 2518 409 2553 Sueten.
436 2518 470 2551 in
494 2519 579 2563 Aug.
603 2529 633 2552 c.
655 2519 709 2560 46.
737 2518 811 2554 Liv.
833 2518 921 2566 Epir.
945 2520 1024 2554 Dio.
1048 2519 1174 2565 Vellej.

1053 2572 1140 2623 ΖΞ.
