<?xml version="1.0" encoding="UTF-8"?>
<!DOCTYPE html PUBLIC "-//W3C//DTD XHTML 1.0 Transitional//EN"
    "http://www.w3.org/TR/xhtml1/DTD/xhtml1-transitional.dtd">
<html xmlns="http://www.w3.org/1999/xhtml" xml:lang="en" lang="en">
 <head>
  <title>
</title>
<meta http-equiv="Content-Type" content="text/html;charset=utf-8" />
  <meta name='ocr-system' content='tesseract 3.04.00' />
  <meta name='ocr-capabilities' content='ocr_page ocr_carea ocr_par ocr_line ocrx_word'/>
</head>
<body>
  <div class='ocr_page' id='page_1' title='image "./historiarumlibri11livyuoft_0073.png"; bbox 0 0 1685 3042; ppageno 0'>
   <div class='ocr_carea' id='block_1_1' title="bbox 269 199 1336 266">
    <p class='ocr_par' dir='ltr' id='par_1_1' title="bbox 269 199 1336 266">
     <span class='ocr_line' id='line_1_1' title="bbox 269 199 1336 266; baseline -0.004 -14"><span class='ocrx_word' id='word_1_1' title='bbox 269 204 347 252; x_wconf 78' lang='lat' dir='ltr'>IN</span> <span class='ocrx_word' id='word_1_2' title='bbox 394 202 561 249; x_wconf 57' lang='grc' dir='ltr'>[οε.</span> <span class='ocrx_word' id='word_1_3' title='bbox 611 200 742 248; x_wconf 70' lang='lat' dir='ltr'>tia.</span> <span class='ocrx_word' id='word_1_4' title='bbox 791 199 922 247; x_wconf 79' lang='lat' dir='ltr'>cxv</span> <span class='ocrx_word' id='word_1_5' title='bbox 958 202 1108 250; x_wconf 71' lang='lat' dir='ltr'>L1v;</span> <span class='ocrx_word' id='word_1_6' title='bbox 1277 201 1336 266; x_wconf 54' lang='grc' dir='ltr'>(ξς</span> 
     </span>
    </p>
   </div>
   <div class='ocr_carea' id='block_1_2' title="bbox 11 305 1355 2397">
    <p class='ocr_par' dir='ltr' id='par_1_2' title="bbox 57 305 1348 658">
     <span class='ocr_line' id='line_1_2' title="bbox 58 305 1342 361; baseline -0.001 -11"><span class='ocrx_word' id='word_1_7' title='bbox 58 309 189 351; x_wconf 76' lang='lat' dir='ltr'>cordia</span> <span class='ocrx_word' id='word_1_8' title='bbox 226 312 261 350; x_wconf 64' lang='grc' dir='ltr'><strong>ἃ</strong></span> <span class='ocrx_word' id='word_1_9' title='bbox 297 308 572 360; x_wconf 76' lang='lat' dir='ltr'>suspicionibus</span> <span class='ocrx_word' id='word_1_10' title='bbox 615 305 945 355; x_wconf 66' lang='lat' dir='ltr'>labefactaverat3</span> <span class='ocrx_word' id='word_1_11' title='bbox 991 316 1170 359; x_wconf 76' lang='lat' dir='ltr'>metuque</span> <span class='ocrx_word' id='word_1_12' title='bbox 1217 323 1342 361; x_wconf 72' lang='lat' dir='ltr'>poenoe</span> 
     </span>
     <span class='ocr_line' id='line_1_3' title="bbox 59 368 1341 422; baseline 0.002 -9"><span class='ocrx_word' id='word_1_13' title='bbox 59 374 240 414; x_wconf 83' lang='lat' dir='ltr'>miserant</span> <span class='ocrx_word' id='word_1_14' title='bbox 265 374 312 412; x_wconf 84' lang='lat' dir='ltr'>ad</span> <span class='ocrx_word' id='word_1_15' title='bbox 339 371 555 422; x_wconf 82' lang='lat' dir='ltr'>Scipionem</span> <span class='ocrx_word' id='word_1_16' title='bbox 581 369 749 420; x_wconf 79' lang='lat' dir='ltr'>legatos:</span> <span class='ocrx_word' id='word_1_17' title='bbox 776 368 915 409; x_wconf 86' lang='lat' dir='ltr'>deinde</span> <span class='ocrx_word' id='word_1_18' title='bbox 940 381 1028 409; x_wconf 89' lang='lat' dir='ltr'>cum</span> <span class='ocrx_word' id='word_1_19' title='bbox 1059 372 1187 422; x_wconf 85' lang='lat' dir='ltr'>Scipio</span> <span class='ocrx_word' id='word_1_20' title='bbox 1215 374 1341 415; x_wconf 45' lang='lat' dir='ltr'>victus</span> 
     </span>
     <span class='ocr_line' id='line_1_4' title="bbox 60 429 1348 483; baseline -0.003 -9"><span class='ocrx_word' id='word_1_21' title='bbox 60 435 177 483; x_wconf 74' lang='lat' dir='ltr'>estet,</span> <span class='ocrx_word' id='word_1_22' title='bbox 210 435 414 483; x_wconf 76' lang='lat' dir='ltr'>pompejus</span> <span class='ocrx_word' id='word_1_23' title='bbox 443 429 578 470; x_wconf 85' lang='lat' dir='ltr'>morbo</span> <span class='ocrx_word' id='word_1_24' title='bbox 609 431 647 469; x_wconf 87' lang='lat' dir='ltr'>in</span> <span class='ocrx_word' id='word_1_25' title='bbox 674 429 892 470; x_wconf 79' lang='lat' dir='ltr'>Balearibus</span> <span class='ocrx_word' id='word_1_26' title='bbox 912 431 1159 480; x_wconf 82' lang='lat' dir='ltr'>attineretur,</span> <span class='ocrx_word' id='word_1_27' title='bbox 1184 434 1230 475; x_wconf 84' lang='lat' dir='ltr'>T,</span> <span class='ocrx_word' id='word_1_28' title='bbox 1256 436 1348 475; x_wconf 83' lang='lat' dir='ltr'>Sca.</span> 
     </span>
     <span class='ocr_line' id='line_1_5' title="bbox 58 491 1347 547; baseline -0.002 -11"><span class='ocrx_word' id='word_1_29' title='bbox 58 497 148 547; x_wconf 81' lang='lat' dir='ltr'>pula</span> <span class='ocrx_word' id='word_1_30' title='bbox 167 526 178 544; x_wconf 78' lang='grc'><em>,</em></span> <span class='ocrx_word' id='word_1_31' title='bbox 206 497 259 546; x_wconf 75' lang='lat' dir='ltr'>Q,</span> <span class='ocrx_word' id='word_1_32' title='bbox 286 493 436 544; x_wconf 75' lang='lat' dir='ltr'>Aponio</span> <span class='ocrx_word' id='word_1_33' title='bbox 465 493 652 540; x_wconf 88' lang='lat' dir='ltr'>ducibus,</span> <span class='ocrx_word' id='word_1_34' title='bbox 676 491 873 532; x_wconf 89' lang='lat' dir='ltr'>Trebonio</span> <span class='ocrx_word' id='word_1_35' title='bbox 899 491 1052 532; x_wconf 83' lang='lat' dir='ltr'>Caesaris</span> <span class='ocrx_word' id='word_1_36' title='bbox 1077 493 1203 544; x_wconf 85' lang='lat' dir='ltr'>legato</span> <span class='ocrx_word' id='word_1_37' title='bbox 1227 508 1347 545; x_wconf 85' lang='lat' dir='ltr'>nega-</span> 
     </span>
     <span class='ocr_line' id='line_1_6' title="bbox 57 552 1342 605; baseline -0.001 -9"><span class='ocrx_word' id='word_1_38' title='bbox 57 567 146 597; x_wconf 85' lang='lat' dir='ltr'>runt</span> <span class='ocrx_word' id='word_1_39' title='bbox 168 555 418 605; x_wconf 75' lang='lat' dir='ltr'>obsequium,</span> <span class='ocrx_word' id='word_1_40' title='bbox 452 561 650 603; x_wconf 85' lang='lat' dir='ltr'>totamque</span> <span class='ocrx_word' id='word_1_41' title='bbox 677 552 755 591; x_wconf 88' lang='lat' dir='ltr'>fere</span> <span class='ocrx_word' id='word_1_42' title='bbox 776 552 956 592; x_wconf 84' lang='lat' dir='ltr'>Baeticam</span> <span class='ocrx_word' id='word_1_43' title='bbox 985 560 1183 593; x_wconf 80' lang='lat' dir='ltr'>traxerunt</span> <span class='ocrx_word' id='word_1_44' title='bbox 1209 554 1342 596; x_wconf 84' lang='lat' dir='ltr'>secum</span> 
     </span>
     <span class='ocr_line' id='line_1_7' title="bbox 60 617 408 658; baseline -0.006 0"><span class='ocrx_word' id='word_1_45' title='bbox 60 619 109 658; x_wconf 81' lang='lat' dir='ltr'>ad</span> <span class='ocrx_word' id='word_1_46' title='bbox 136 617 408 657; x_wconf 58' lang='lat' dir='ltr'>defectionem.</span> 
     </span>
    </p>

    <p class='ocr_par' dir='ltr' id='par_1_3' title="bbox 11 673 1355 1532">
     <span class='ocr_line' id='line_1_8' title="bbox 112 673 1344 727; baseline -0.003 -7"><span class='ocrx_word' id='word_1_47' title='bbox 112 677 493 721; x_wconf 67' lang='lat' dir='ltr'>XXXIX.,Interim</span> <span class='ocrx_word' id='word_1_48' title='bbox 522 678 558 716; x_wconf 66' lang='grc' dir='ltr'>ὅ(</span> <span class='ocrx_word' id='word_1_49' title='bbox 586 674 790 725; x_wconf 79' lang='lat' dir='ltr'>Pompeius</span> <span class='ocrx_word' id='word_1_50' title='bbox 826 676 979 724; x_wconf 84' lang='lat' dir='ltr'>trajecit</span> <span class='ocrx_word' id='word_1_51' title='bbox 1013 675 1052 714; x_wconf 88' lang='lat' dir='ltr'>in</span> <span class='ocrx_word' id='word_1_52' title='bbox 1081 673 1310 727; x_wconf 77' lang='lat' dir='ltr'>Hispaniam</span> <span class='ocrx_word' id='word_1_53' title='bbox 1329 706 1344 725; x_wconf 89' lang='lat'>‚</span> 
     </span>
     <span class='ocr_line' id='line_1_9' title="bbox 58 734 1349 790; baseline -0.002 -11"><span class='ocrx_word' id='word_1_54' title='bbox 58 739 222 790; x_wconf 83' lang='lat' dir='ltr'>ususque</span> <span class='ocrx_word' id='word_1_55' title='bbox 256 738 483 786; x_wconf 81' lang='lat' dir='ltr'>oceafione‚</span> <span class='ocrx_word' id='word_1_56' title='bbox 511 738 604 776; x_wconf 87' lang='lat' dir='ltr'>dum</span> <span class='ocrx_word' id='word_1_57' title='bbox 643 734 864 775; x_wconf 89' lang='lat' dir='ltr'>muneribus</span> <span class='ocrx_word' id='word_1_58' title='bbox 893 736 1029 775; x_wconf 80' lang='lat' dir='ltr'>dandis</span> <span class='ocrx_word' id='word_1_59' title='bbox 1056 737 1190 777; x_wconf 81' lang='lat' dir='ltr'>Romae</span> <span class='ocrx_word' id='word_1_60' title='bbox 1225 737 1349 777; x_wconf 75' lang='lat' dir='ltr'>Caefar</span> 
     </span>
     <span class='ocr_line' id='line_1_10' title="bbox 62 796 1349 852; baseline -0.002 -11"><span class='ocrx_word' id='word_1_61' title='bbox 62 809 213 852; x_wconf 87' lang='lat' dir='ltr'>tempus</span> <span class='ocrx_word' id='word_1_62' title='bbox 238 800 349 847; x_wconf 82' lang='lat' dir='ltr'>terit,</span> <span class='ocrx_word' id='word_1_63' title='bbox 376 807 510 850; x_wconf 83' lang='lat' dir='ltr'>praeter</span> <span class='ocrx_word' id='word_1_64' title='bbox 540 798 644 849; x_wconf 91' lang='lat' dir='ltr'>spem</span> <span class='ocrx_word' id='word_1_65' title='bbox 664 797 866 843; x_wconf 88' lang='lat' dir='ltr'>omnium,</span> <span class='ocrx_word' id='word_1_66' title='bbox 896 796 1001 836; x_wconf 85' lang='lat' dir='ltr'>brevi</span> <span class='ocrx_word' id='word_1_67' title='bbox 1029 811 1185 849; x_wconf 85' lang='lat' dir='ltr'>magnas</span> <span class='ocrx_word' id='word_1_68' title='bbox 1215 801 1349 849; x_wconf 72' lang='lat' dir='ltr'>copias</span> 
     </span>
     <span class='ocr_line' id='line_1_11' title="bbox 61 858 1352 916; baseline -0.002 -11"><span class='ocrx_word' id='word_1_69' title='bbox 61 865 231 916; x_wconf 85' lang='lat' dir='ltr'>collegit.</span> <span class='ocrx_word' id='word_1_70' title='bbox 264 865 366 904; x_wconf 87' lang='lat' dir='ltr'>Nam</span> <span class='ocrx_word' id='word_1_71' title='bbox 392 863 522 902; x_wconf 85' lang='lat' dir='ltr'>favore</span> <span class='ocrx_word' id='word_1_72' title='bbox 547 871 706 913; x_wconf 90' lang='lat' dir='ltr'>paterno</span> <span class='ocrx_word' id='word_1_73' title='bbox 734 861 911 910; x_wconf 83' lang='lat' dir='ltr'>adjutus,</span> <span class='ocrx_word' id='word_1_74' title='bbox 932 873 953 900; x_wconf 86' lang='lat' dir='ltr'>a</span> <span class='ocrx_word' id='word_1_75' title='bbox 975 860 1105 900; x_wconf 83' lang='lat' dir='ltr'>multis</span> <span class='ocrx_word' id='word_1_76' title='bbox 1130 858 1352 903; x_wconf 80' lang='lat' dir='ltr'>civitatibus</span> 
     </span>
     <span class='ocr_line' id='line_1_12' title="bbox 62 923 1351 973; baseline -0.001 -7"><span class='ocrx_word' id='word_1_77' title='bbox 62 928 285 967; x_wconf 84' lang='lat' dir='ltr'>societatem</span> <span class='ocrx_word' id='word_1_78' title='bbox 313 927 348 965; x_wconf 69' lang='grc' dir='ltr'>ἃ</span> <span class='ocrx_word' id='word_1_79' title='bbox 377 924 516 964; x_wconf 80' lang='lat' dir='ltr'>auxilia</span> <span class='ocrx_word' id='word_1_80' title='bbox 552 923 770 963; x_wconf 79' lang='lat' dir='ltr'>obtinuerat</span> <span class='ocrx_word' id='word_1_81' title='bbox 794 936 804 962; x_wconf 89' lang='lat'>:</span> <span class='ocrx_word' id='word_1_82' title='bbox 841 923 979 973; x_wconf 88' lang='lat' dir='ltr'>quibus</span> <span class='ocrx_word' id='word_1_83' title='bbox 1011 924 1235 972; x_wconf 67' lang='lat' dir='ltr'>instructus,</span> <span class='ocrx_word' id='word_1_84' title='bbox 1257 926 1351 965; x_wconf 70' lang='lat' dir='ltr'>alias</span> 
     </span>
     <span class='ocr_line' id='line_1_13' title="bbox 62 983 1352 1038; baseline -0.001 -10"><span class='ocrx_word' id='word_1_85' title='bbox 62 990 101 1028; x_wconf 83' lang='lat' dir='ltr'>vi</span> <span class='ocrx_word' id='word_1_86' title='bbox 128 987 362 1038; x_wconf 81' lang='lat' dir='ltr'>adjungebat</span> <span class='ocrx_word' id='word_1_87' title='bbox 385 985 569 1036; x_wconf 86' lang='lat' dir='ltr'>partibus.</span> <span class='ocrx_word' id='word_1_88' title='bbox 599 983 761 1035; x_wconf 72' lang='lat' dir='ltr'>jamque</span> <span class='ocrx_word' id='word_1_89' title='bbox 784 984 1055 1035; x_wconf 80' lang='lat' dir='ltr'>Carthaginem</span> <span class='ocrx_word' id='word_1_90' title='bbox 1075 988 1228 1027; x_wconf 89' lang='lat' dir='ltr'>Novam</span> <span class='ocrx_word' id='word_1_91' title='bbox 1250 989 1352 1027; x_wconf 75' lang='lat' dir='ltr'>obii-</span> 
     </span>
     <span class='ocr_line' id='line_1_14' title="bbox 11 1046 1350 1099; baseline -0.001 -9"><span class='ocrx_word' id='word_1_92' title='bbox 11 1061 14 1064; x_wconf 73' lang='grc'><strong><em>’</em></strong></span> <span class='ocrx_word' id='word_1_93' title='bbox 62 1050 204 1095; x_wconf 76' lang='lat' dir='ltr'>debat,</span> <span class='ocrx_word' id='word_1_94' title='bbox 234 1060 322 1087; x_wconf 89' lang='lat' dir='ltr'>eum</span> <span class='ocrx_word' id='word_1_95' title='bbox 350 1046 539 1096; x_wconf 78' lang='lat' dir='ltr'>Scapula,</span> <span class='ocrx_word' id='word_1_96' title='bbox 569 1049 605 1087; x_wconf 68' lang='grc' dir='ltr'><strong>ἃ</strong></span> <span class='ocrx_word' id='word_1_97' title='bbox 627 1047 690 1097; x_wconf 86' lang='lat' dir='ltr'>qui</span> <span class='ocrx_word' id='word_1_98' title='bbox 717 1058 805 1086; x_wconf 89' lang='lat' dir='ltr'>cum</span> <span class='ocrx_word' id='word_1_99' title='bbox 831 1060 878 1086; x_wconf 90' lang='lat' dir='ltr'>eo</span> <span class='ocrx_word' id='word_1_100' title='bbox 909 1056 1044 1094; x_wconf 86' lang='lat' dir='ltr'>erant,</span> <span class='ocrx_word' id='word_1_101' title='bbox 1077 1049 1350 1099; x_wconf 83' lang='lat' dir='ltr'>imperatorem</span> 
     </span>
     <span class='ocr_line' id='line_1_15' title="bbox 62 1108 1351 1160; baseline -0.004 -9"><span class='ocrx_word' id='word_1_102' title='bbox 62 1123 153 1151; x_wconf 83' lang='lat' dir='ltr'>eum</span> <span class='ocrx_word' id='word_1_103' title='bbox 180 1117 444 1160; x_wconf 80' lang='lat' dir='ltr'>agnoverunt3</span> <span class='ocrx_word' id='word_1_104' title='bbox 484 1108 645 1148; x_wconf 81' lang='lat' dir='ltr'>viciffim</span> <span class='ocrx_word' id='word_1_105' title='bbox 678 1108 774 1147; x_wconf 89' lang='lat' dir='ltr'>nihil</span> <span class='ocrx_word' id='word_1_106' title='bbox 805 1122 885 1147; x_wconf 89' lang='lat' dir='ltr'>non</span> <span class='ocrx_word' id='word_1_107' title='bbox 920 1110 956 1148; x_wconf 70' lang='lat' dir='ltr'>Sc</span> <span class='ocrx_word' id='word_1_108' title='bbox 987 1109 1184 1149; x_wconf 84' lang='lat' dir='ltr'>dicentem</span> <span class='ocrx_word' id='word_1_109' title='bbox 1221 1114 1256 1151; x_wconf 85' lang='lat'>&amp;</span> <span class='ocrx_word' id='word_1_110' title='bbox 1294 1112 1351 1150; x_wconf 81' lang='lat' dir='ltr'>fa-</span> 
     </span>
     <span class='ocr_line' id='line_1_16' title="bbox 63 1168 1349 1221; baseline -0.002 -10"><span class='ocrx_word' id='word_1_111' title='bbox 63 1174 255 1219; x_wconf 80' lang='lat' dir='ltr'>cientem,</span> <span class='ocrx_word' id='word_1_112' title='bbox 283 1182 360 1221; x_wconf 90' lang='lat' dir='ltr'>quo</span> <span class='ocrx_word' id='word_1_113' title='bbox 385 1169 451 1208; x_wconf 85' lang='lat' dir='ltr'>fibi</span> <span class='ocrx_word' id='word_1_114' title='bbox 477 1169 788 1208; x_wconf 84' lang='lat' dir='ltr'>benevolentiam</span> <span class='ocrx_word' id='word_1_115' title='bbox 812 1168 1019 1207; x_wconf 90' lang='lat' dir='ltr'>hominum</span> <span class='ocrx_word' id='word_1_116' title='bbox 1040 1177 1202 1218; x_wconf 84' lang='lat' dir='ltr'>pararet.</span> <span class='ocrx_word' id='word_1_117' title='bbox 1240 1172 1349 1220; x_wconf 83' lang='lat' dir='ltr'>quod</span> 
     </span>
     <span class='ocr_line' id='line_1_17' title="bbox 65 1226 1351 1283; baseline -0.005 -10"><span class='ocrx_word' id='word_1_118' title='bbox 65 1233 235 1283; x_wconf 79' lang='lat' dir='ltr'>alioquin</span> <span class='ocrx_word' id='word_1_119' title='bbox 259 1230 431 1281; x_wconf 81' lang='lat' dir='ltr'>abruptis</span> <span class='ocrx_word' id='word_1_120' title='bbox 466 1229 629 1268; x_wconf 76' lang='lat' dir='ltr'>consiliis</span> <span class='ocrx_word' id='word_1_121' title='bbox 667 1227 918 1267; x_wconf 79' lang='lat' dir='ltr'>neceffarium</span> <span class='ocrx_word' id='word_1_122' title='bbox 936 1258 947 1276; x_wconf 93' lang='lat'><strong>‚</strong></span> <span class='ocrx_word' id='word_1_123' title='bbox 973 1226 1021 1267; x_wconf 92' lang='lat' dir='ltr'>ab</span> <span class='ocrx_word' id='word_1_124' title='bbox 1050 1228 1206 1279; x_wconf 76' lang='lat' dir='ltr'>ingenio</span> <span class='ocrx_word' id='word_1_125' title='bbox 1243 1230 1351 1281; x_wconf 68' lang='lat' dir='ltr'>aspe-</span> 
     </span>
     <span class='ocr_line' id='line_1_18' title="bbox 65 1289 1352 1343; baseline -0.002 -9"><span class='ocrx_word' id='word_1_126' title='bbox 65 1297 163 1336; x_wconf 82' lang='lat' dir='ltr'>riore</span> <span class='ocrx_word' id='word_1_127' title='bbox 195 1296 230 1333; x_wconf 68' lang='grc' dir='ltr'>ὁὶ</span> <span class='ocrx_word' id='word_1_128' title='bbox 266 1292 402 1332; x_wconf 83' lang='lat' dir='ltr'>rustico</span> <span class='ocrx_word' id='word_1_129' title='bbox 439 1291 648 1331; x_wconf 80' lang='lat' dir='ltr'>extorserat</span> <span class='ocrx_word' id='word_1_130' title='bbox 682 1292 800 1330; x_wconf 87' lang='lat' dir='ltr'>etiam</span> <span class='ocrx_word' id='word_1_131' title='bbox 840 1289 1092 1340; x_wconf 84' lang='lat' dir='ltr'>Allobrogum</span> <span class='ocrx_word' id='word_1_132' title='bbox 1123 1291 1246 1341; x_wconf 83' lang='lat' dir='ltr'>fuga,</span> <span class='ocrx_word' id='word_1_133' title='bbox 1283 1292 1352 1343; x_wconf 75' lang='lat' dir='ltr'>qui</span> 
     </span>
     <span class='ocr_line' id='line_1_19' title="bbox 66 1352 1355 1402; baseline -0.002 -5"><span class='ocrx_word' id='word_1_134' title='bbox 66 1356 245 1398; x_wconf 89' lang='lat' dir='ltr'>Curionis</span> <span class='ocrx_word' id='word_1_135' title='bbox 273 1353 434 1402; x_wconf 81' lang='lat' dir='ltr'>milites,</span> <span class='ocrx_word' id='word_1_136' title='bbox 460 1354 601 1393; x_wconf 90' lang='lat' dir='ltr'>deinde</span> <span class='ocrx_word' id='word_1_137' title='bbox 625 1352 734 1401; x_wconf 82' lang='lat' dir='ltr'>‚Jubae</span> <span class='ocrx_word' id='word_1_138' title='bbox 759 1352 923 1402; x_wconf 88' lang='lat' dir='ltr'>captivi,</span> <span class='ocrx_word' id='word_1_139' title='bbox 942 1352 1026 1402; x_wconf 89' lang='lat' dir='ltr'>post</span> <span class='ocrx_word' id='word_1_140' title='bbox 1054 1352 1102 1392; x_wconf 91' lang='lat' dir='ltr'>ab</span> <span class='ocrx_word' id='word_1_141' title='bbox 1138 1352 1214 1393; x_wconf 88' lang='lat' dir='ltr'>hoc</span> <span class='ocrx_word' id='word_1_142' title='bbox 1234 1354 1355 1395; x_wconf 83' lang='lat' dir='ltr'>Pom-</span> 
     </span>
     <span class='ocr_line' id='line_1_20' title="bbox 63 1411 1350 1471; baseline -0.002 -13"><span class='ocrx_word' id='word_1_143' title='bbox 63 1421 154 1471; x_wconf 86' lang='lat' dir='ltr'>pejo</span> <span class='ocrx_word' id='word_1_144' title='bbox 181 1415 385 1464; x_wconf 83' lang='lat' dir='ltr'>transditi‚</span> <span class='ocrx_word' id='word_1_145' title='bbox 407 1414 533 1454; x_wconf 85' lang='lat' dir='ltr'>nescio</span> <span class='ocrx_word' id='word_1_146' title='bbox 556 1428 669 1466; x_wconf 81' lang='lat' dir='ltr'>quam</span> <span class='ocrx_word' id='word_1_147' title='bbox 687 1415 737 1454; x_wconf 91' lang='lat' dir='ltr'>ob</span> <span class='ocrx_word' id='word_1_148' title='bbox 764 1411 976 1461; x_wconf 87' lang='lat' dir='ltr'>offensam,</span> <span class='ocrx_word' id='word_1_149' title='bbox 999 1414 1049 1454; x_wconf 86' lang='lat' dir='ltr'>ad</span> <span class='ocrx_word' id='word_1_150' title='bbox 1074 1414 1198 1455; x_wconf 88' lang='lat' dir='ltr'>hostes</span> <span class='ocrx_word' id='word_1_151' title='bbox 1223 1424 1350 1456; x_wconf 68' lang='lat' dir='ltr'>trans-</span> 
     </span>
     <span class='ocr_line' id='line_1_21' title="bbox 62 1483 252 1532; baseline -0.011 -11"><span class='ocrx_word' id='word_1_152' title='bbox 62 1483 252 1532; x_wconf 82' lang='lat' dir='ltr'>fugerant.</span> 
     </span>
    </p>

    <p class='ocr_par' dir='ltr' id='par_1_4' title="bbox 65 1536 1353 2269">
     <span class='ocr_line' id='line_1_22' title="bbox 126 1536 1350 1583; baseline -0.001 0"><span class='ocrx_word' id='word_1_153' title='bbox 126 1542 211 1583; x_wconf 91' lang='lat' dir='ltr'>XL.</span> <span class='ocrx_word' id='word_1_154' title='bbox 237 1542 321 1582; x_wconf 83' lang='lat' dir='ltr'>Hac</span> <span class='ocrx_word' id='word_1_155' title='bbox 357 1552 457 1580; x_wconf 80' lang='lat' dir='ltr'>nova</span> <span class='ocrx_word' id='word_1_156' title='bbox 482 1536 723 1580; x_wconf 85' lang='lat' dir='ltr'>humanitate</span> <span class='ocrx_word' id='word_1_157' title='bbox 755 1536 865 1577; x_wconf 86' lang='lat' dir='ltr'>multi</span> <span class='ocrx_word' id='word_1_158' title='bbox 889 1538 1003 1578; x_wconf 86' lang='lat' dir='ltr'>etiam</span> <span class='ocrx_word' id='word_1_159' title='bbox 1031 1536 1157 1580; x_wconf 55' lang='lat' dir='ltr'>allecti</span> <span class='ocrx_word' id='word_1_160' title='bbox 1181 1539 1267 1581; x_wconf 86' lang='lat' dir='ltr'>sunt</span> <span class='ocrx_word' id='word_1_161' title='bbox 1302 1555 1350 1583; x_wconf 75' lang='lat' dir='ltr'>ex</span> 
     </span>
     <span class='ocr_line' id='line_1_23' title="bbox 65 1600 1351 1650; baseline 0.001 -8"><span class='ocrx_word' id='word_1_162' title='bbox 65 1604 263 1643; x_wconf 83' lang='lat' dir='ltr'>hostilibus</span> <span class='ocrx_word' id='word_1_163' title='bbox 287 1602 443 1641; x_wconf 80' lang='lat' dir='ltr'>eastris:</span> <span class='ocrx_word' id='word_1_164' title='bbox 478 1612 612 1640; x_wconf 89' lang='lat' dir='ltr'>eorum</span> <span class='ocrx_word' id='word_1_165' title='bbox 640 1600 832 1648; x_wconf 76' lang='lat' dir='ltr'>maxime,</span> <span class='ocrx_word' id='word_1_166' title='bbox 860 1601 925 1650; x_wconf 89' lang='lat' dir='ltr'>qui</span> <span class='ocrx_word' id='word_1_167' title='bbox 961 1600 1053 1640; x_wconf 87' lang='lat' dir='ltr'>olim</span> <span class='ocrx_word' id='word_1_168' title='bbox 1091 1600 1159 1640; x_wconf 88' lang='lat' dir='ltr'>sub</span> <span class='ocrx_word' id='word_1_169' title='bbox 1192 1602 1351 1643; x_wconf 76' lang='lat' dir='ltr'>Afranio</span> 
     </span>
     <span class='ocr_line' id='line_1_24' title="bbox 66 1661 1351 1713; baseline -0.001 -9"><span class='ocrx_word' id='word_1_170' title='bbox 66 1664 337 1705; x_wconf 84' lang='lat' dir='ltr'>militaverant.</span> <span class='ocrx_word' id='word_1_171' title='bbox 382 1661 624 1702; x_wconf 83' lang='lat' dir='ltr'>Accefferunt</span> <span class='ocrx_word' id='word_1_172' title='bbox 653 1663 807 1700; x_wconf 87' lang='lat' dir='ltr'>interim</span> <span class='ocrx_word' id='word_1_173' title='bbox 836 1663 872 1700; x_wconf 71' lang='grc' dir='ltr'>δι</span> <span class='ocrx_word' id='word_1_174' title='bbox 898 1673 946 1700; x_wconf 86' lang='lat' dir='ltr'>ex</span> <span class='ocrx_word' id='word_1_175' title='bbox 973 1661 1100 1701; x_wconf 85' lang='lat' dir='ltr'>Africa</span> <span class='ocrx_word' id='word_1_176' title='bbox 1133 1675 1221 1702; x_wconf 91' lang='lat' dir='ltr'>cum</span> <span class='ocrx_word' id='word_1_177' title='bbox 1258 1663 1351 1713; x_wconf 82' lang='lat' dir='ltr'>alii,</span> 
     </span>
     <span class='ocr_line' id='line_1_25' title="bbox 67 1722 1350 1776; baseline -0.002 -8"><span class='ocrx_word' id='word_1_178' title='bbox 67 1735 151 1768; x_wconf 86' lang='lat' dir='ltr'>tum</span> <span class='ocrx_word' id='word_1_179' title='bbox 178 1729 263 1768; x_wconf 80' lang='lat' dir='ltr'>Sex.</span> <span class='ocrx_word' id='word_1_180' title='bbox 291 1727 497 1776; x_wconf 88' lang='lat' dir='ltr'>Pompejus</span> <span class='ocrx_word' id='word_1_181' title='bbox 520 1722 713 1774; x_wconf 83' lang='lat' dir='ltr'>Varusque</span> <span class='ocrx_word' id='word_1_182' title='bbox 742 1725 778 1763; x_wconf 74' lang='grc' dir='ltr'>δι</span> <span class='ocrx_word' id='word_1_183' title='bbox 801 1722 1013 1772; x_wconf 83' lang='lat' dir='ltr'>Labienus,</span> <span class='ocrx_word' id='word_1_184' title='bbox 1029 1736 1050 1763; x_wconf 87' lang='lat' dir='ltr'>a</span> <span class='ocrx_word' id='word_1_185' title='bbox 1074 1724 1211 1775; x_wconf 85' lang='lat' dir='ltr'>quibus</span> <span class='ocrx_word' id='word_1_186' title='bbox 1236 1724 1350 1765; x_wconf 86' lang='lat' dir='ltr'>fimul</span> 
     </span>
     <span class='ocr_line' id='line_1_26' title="bbox 67 1785 1349 1836; baseline 0.001 -9"><span class='ocrx_word' id='word_1_187' title='bbox 67 1787 191 1828; x_wconf 85' lang='lat' dir='ltr'>claffis</span> <span class='ocrx_word' id='word_1_188' title='bbox 225 1788 336 1827; x_wconf 87' lang='lat' dir='ltr'>instar</span> <span class='ocrx_word' id='word_1_189' title='bbox 372 1787 583 1826; x_wconf 61' lang='lat' dir='ltr'>adductum</span> <span class='ocrx_word' id='word_1_190' title='bbox 612 1787 677 1826; x_wconf 85' lang='lat' dir='ltr'>est.</span> <span class='ocrx_word' id='word_1_191' title='bbox 713 1785 765 1825; x_wconf 84' lang='lat' dir='ltr'>Ea</span> <span class='ocrx_word' id='word_1_192' title='bbox 800 1797 952 1835; x_wconf 87' lang='lat' dir='ltr'>quoque</span> <span class='ocrx_word' id='word_1_193' title='bbox 982 1797 1067 1832; x_wconf 66' lang='grc' dir='ltr'>τες,</span> <span class='ocrx_word' id='word_1_194' title='bbox 1099 1786 1202 1836; x_wconf 85' lang='lat' dir='ltr'>quod</span> <span class='ocrx_word' id='word_1_195' title='bbox 1232 1785 1349 1829; x_wconf 67' lang='lat' dir='ltr'>frater</span> 
     </span>
     <span class='ocr_line' id='line_1_27' title="bbox 67 1844 1353 1899; baseline -0.001 -8"><span class='ocrx_word' id='word_1_196' title='bbox 67 1858 247 1898; x_wconf 84' lang='lat' dir='ltr'>venerat,</span> <span class='ocrx_word' id='word_1_197' title='bbox 271 1844 369 1889; x_wconf 74' lang='lat' dir='ltr'>vires</span> <span class='ocrx_word' id='word_1_198' title='bbox 396 1851 530 1896; x_wconf 65' lang='lat' dir='ltr'>auxit,</span> <span class='ocrx_word' id='word_1_199' title='bbox 558 1848 664 1899; x_wconf 86' lang='lat' dir='ltr'>spem</span> <span class='ocrx_word' id='word_1_200' title='bbox 699 1848 945 1897; x_wconf 81' lang='lat' dir='ltr'>favoremque</span> <span class='ocrx_word' id='word_1_201' title='bbox 975 1845 1179 1887; x_wconf 85' lang='lat' dir='ltr'>hominum</span> <span class='ocrx_word' id='word_1_202' title='bbox 1214 1862 1353 1891; x_wconf 83' lang='lat' dir='ltr'>accen-</span> 
     </span>
     <span class='ocr_line' id='line_1_28' title="bbox 72 1908 1352 1962; baseline -0.005 -10"><span class='ocrx_word' id='word_1_203' title='bbox 72 1914 186 1953; x_wconf 89' lang='lat' dir='ltr'>dente</span> <span class='ocrx_word' id='word_1_204' title='bbox 207 1912 334 1958; x_wconf 83' lang='lat' dir='ltr'>fama‚</span> <span class='ocrx_word' id='word_1_205' title='bbox 358 1923 426 1962; x_wconf 87' lang='lat' dir='ltr'>pro</span> <span class='ocrx_word' id='word_1_206' title='bbox 452 1922 529 1949; x_wconf 86' lang='lat' dir='ltr'>uno</span> <span class='ocrx_word' id='word_1_207' title='bbox 558 1910 654 1948; x_wconf 83' lang='lat' dir='ltr'>duos</span> <span class='ocrx_word' id='word_1_208' title='bbox 676 1908 997 1958; x_wconf 86' lang='lat' dir='ltr'>starePompejos</span> <span class='ocrx_word' id='word_1_209' title='bbox 1016 1921 1025 1947; x_wconf 77' lang='grc' dir='ltr'><strong><em>ε</em></strong></span> <span class='ocrx_word' id='word_1_210' title='bbox 1051 1908 1220 1959; x_wconf 85' lang='lat' dir='ltr'>ideoque</span> <span class='ocrx_word' id='word_1_211' title='bbox 1243 1912 1352 1950; x_wconf 81' lang='lat' dir='ltr'>auxi-</span> 
     </span>
     <span class='ocr_line' id='line_1_29' title="bbox 70 1969 1350 2021; baseline -0.002 -6"><span class='ocrx_word' id='word_1_212' title='bbox 70 1976 121 2015; x_wconf 84' lang='lat' dir='ltr'>lia</span> <span class='ocrx_word' id='word_1_213' title='bbox 147 1972 395 2015; x_wconf 75' lang='lat' dir='ltr'>diversissimis</span> <span class='ocrx_word' id='word_1_214' title='bbox 416 1985 462 2012; x_wconf 81' lang='lat' dir='ltr'>ex</span> <span class='ocrx_word' id='word_1_215' title='bbox 489 1972 584 2011; x_wconf 89' lang='lat' dir='ltr'>locis</span> <span class='ocrx_word' id='word_1_216' title='bbox 609 1971 868 2010; x_wconf 85' lang='lat' dir='ltr'>confluebant.</span> <span class='ocrx_word' id='word_1_217' title='bbox 899 1970 973 2011; x_wconf 90' lang='lat' dir='ltr'>Sed</span> <span class='ocrx_word' id='word_1_218' title='bbox 1001 1969 1218 2021; x_wconf 85' lang='lat' dir='ltr'>surgentem</span> <span class='ocrx_word' id='word_1_219' title='bbox 1247 1972 1350 2012; x_wconf 74' lang='lat' dir='ltr'>hanc</span> 
     </span>
     <span class='ocr_line' id='line_1_30' title="bbox 73 2031 1350 2087; baseline -0.003 -10"><span class='ocrx_word' id='word_1_220' title='bbox 73 2039 108 2078; x_wconf 72' lang='grc' dir='ltr'>δι</span> <span class='ocrx_word' id='word_1_221' title='bbox 134 2036 308 2087; x_wconf 81' lang='lat' dir='ltr'>proxima</span> <span class='ocrx_word' id='word_1_222' title='bbox 340 2046 499 2084; x_wconf 85' lang='lat' dir='ltr'>quaeque</span> <span class='ocrx_word' id='word_1_223' title='bbox 520 2031 815 2083; x_wconf 67' lang='lat' dir='ltr'>amplectentem</span> <span class='ocrx_word' id='word_1_224' title='bbox 842 2032 1083 2082; x_wconf 80' lang='lat' dir='ltr'>potentiam,</span> <span class='ocrx_word' id='word_1_225' title='bbox 1105 2033 1350 2082; x_wconf 80' lang='lat' dir='ltr'>quorundam</span> 
     </span>
     <span class='ocr_line' id='line_1_31' title="bbox 70 2093 1353 2147; baseline -0.004 -8"><span class='ocrx_word' id='word_1_226' title='bbox 70 2099 257 2145; x_wconf 80' lang='lat' dir='ltr'>adventu,</span> <span class='ocrx_word' id='word_1_227' title='bbox 284 2108 379 2147; x_wconf 88' lang='lat' dir='ltr'>quos</span> <span class='ocrx_word' id='word_1_228' title='bbox 409 2093 781 2146; x_wconf 53' lang='lat' dir='ltr'>Caesar&#39;praemiserat</span> <span class='ocrx_word' id='word_1_229' title='bbox 798 2125 809 2141; x_wconf 83' lang='lat'><em>‚</em></span> <span class='ocrx_word' id='word_1_230' title='bbox 829 2093 950 2145; x_wconf 83' lang='lat' dir='ltr'>sparsa</span> <span class='ocrx_word' id='word_1_231' title='bbox 984 2106 1074 2132; x_wconf 86' lang='lat' dir='ltr'>mox</span> <span class='ocrx_word' id='word_1_232' title='bbox 1105 2093 1262 2134; x_wconf 79' lang='lat' dir='ltr'>affuturi</span> <span class='ocrx_word' id='word_1_233' title='bbox 1289 2096 1353 2134; x_wconf 84' lang='lat' dir='ltr'>fa·-</span> 
     </span>
     <span class='ocr_line' id='line_1_32' title="bbox 70 2154 1350 2207; baseline -0.003 -7"><span class='ocrx_word' id='word_1_234' title='bbox 70 2173 136 2201; x_wconf 85' lang='lat' dir='ltr'>ma</span> <span class='ocrx_word' id='word_1_235' title='bbox 162 2159 286 2198; x_wconf 88' lang='lat' dir='ltr'>stitit:</span> <span class='ocrx_word' id='word_1_236' title='bbox 319 2157 553 2207; x_wconf 65' lang='lat' dir='ltr'>Gnaeusque,</span> <span class='ocrx_word' id='word_1_237' title='bbox 586 2155 729 2196; x_wconf 81' lang='lat' dir='ltr'>diffisus</span> <span class='ocrx_word' id='word_1_238' title='bbox 763 2154 835 2195; x_wconf 84' lang='lat' dir='ltr'>alia</span> <span class='ocrx_word' id='word_1_239' title='bbox 869 2157 1023 2195; x_wconf 82' lang='lat' dir='ltr'>retineri</span> <span class='ocrx_word' id='word_1_240' title='bbox 1052 2154 1183 2206; x_wconf 81' lang='lat' dir='ltr'>posse,</span> <span class='ocrx_word' id='word_1_241' title='bbox 1218 2156 1350 2197; x_wconf 61' lang='lat' dir='ltr'>relicta</span> 
     </span>
     <span class='ocr_line' id='line_1_33' title="bbox 72 2218 881 2269; baseline -0.004 -8"><span class='ocrx_word' id='word_1_242' title='bbox 72 2222 268 2262; x_wconf 83' lang='lat' dir='ltr'>maritima</span> <span class='ocrx_word' id='word_1_243' title='bbox 294 2232 382 2269; x_wconf 80' lang='lat' dir='ltr'>ora,</span> <span class='ocrx_word' id='word_1_244' title='bbox 403 2219 442 2257; x_wconf 89' lang='lat' dir='ltr'>in</span> <span class='ocrx_word' id='word_1_245' title='bbox 466 2219 641 2258; x_wconf 77' lang='lat' dir='ltr'>Baeticam</span> <span class='ocrx_word' id='word_1_246' title='bbox 664 2218 700 2257; x_wconf 90' lang='lat' dir='ltr'>se</span> <span class='ocrx_word' id='word_1_247' title='bbox 727 2219 881 2269; x_wconf 84' lang='lat' dir='ltr'>recepit.</span> 
     </span>
    </p>

    <p class='ocr_par' dir='ltr' id='par_1_5' title="bbox 75 2279 1349 2397">
     <span class='ocr_line' id='line_1_34' title="bbox 129 2279 1349 2334; baseline -0.001 -9"><span class='ocrx_word' id='word_1_248' title='bbox 129 2283 232 2326; x_wconf 88' lang='lat' dir='ltr'><strong>XLI.</strong></span> <span class='ocrx_word' id='word_1_249' title='bbox 266 2284 315 2322; x_wconf 89' lang='lat' dir='ltr'>At</span> <span class='ocrx_word' id='word_1_250' title='bbox 347 2282 444 2321; x_wconf 83' lang='lat' dir='ltr'>inter</span> <span class='ocrx_word' id='word_1_251' title='bbox 477 2282 513 2320; x_wconf 85' lang='lat' dir='ltr'>P.</span> <span class='ocrx_word' id='word_1_252' title='bbox 547 2282 689 2321; x_wconf 83' lang='lat' dir='ltr'>Varum</span> <span class='ocrx_word' id='word_1_253' title='bbox 727 2284 763 2322; x_wconf 71' lang='grc' dir='ltr'>δε</span> <span class='ocrx_word' id='word_1_254' title='bbox 800 2282 843 2322; x_wconf 89' lang='lat' dir='ltr'>C.</span> <span class='ocrx_word' id='word_1_255' title='bbox 878 2279 1036 2321; x_wconf 90' lang='lat' dir='ltr'>Didium</span> <span class='ocrx_word' id='word_1_256' title='bbox 1072 2280 1177 2322; x_wconf 80' lang='lat' dir='ltr'>haud</span> <span class='ocrx_word' id='word_1_257' title='bbox 1214 2283 1349 2334; x_wconf 82' lang='lat' dir='ltr'>procul</span> 
     </span>
     <span class='ocr_line' id='line_1_35' title="bbox 75 2344 1349 2397; baseline -0.002 -9"><span class='ocrx_word' id='word_1_258' title='bbox 75 2348 226 2397; x_wconf 83' lang='lat' dir='ltr'>Carteja</span> <span class='ocrx_word' id='word_1_259' title='bbox 251 2346 291 2385; x_wconf 89' lang='lat' dir='ltr'>in</span> <span class='ocrx_word' id='word_1_260' title='bbox 317 2345 401 2397; x_wconf 82' lang='lat' dir='ltr'>ipso</span> <span class='ocrx_word' id='word_1_261' title='bbox 429 2346 575 2386; x_wconf 82' lang='lat' dir='ltr'>Oceani</span> <span class='ocrx_word' id='word_1_262' title='bbox 600 2345 693 2386; x_wconf 90' lang='lat' dir='ltr'>ostio</span> <span class='ocrx_word' id='word_1_263' title='bbox 718 2347 958 2385; x_wconf 65' lang='lat' dir='ltr'>contrastum</span> <span class='ocrx_word' id='word_1_264' title='bbox 982 2344 1118 2385; x_wconf 85' lang='lat' dir='ltr'>navale</span> <span class='ocrx_word' id='word_1_265' title='bbox 1140 2346 1320 2397; x_wconf 78' lang='lat' dir='ltr'>proelium</span> <span class='ocrx_word' id='word_1_266' title='bbox 1336 2375 1349 2396; x_wconf 63' lang='lat' dir='ltr'>a</span> 
     </span>
    </p>
   </div>
   <div class='ocr_carea' id='block_1_3' title="bbox 81 2459 1351 2559">
    <p class='ocr_par' dir='ltr' id='par_1_6' title="bbox 81 2459 1351 2559">
     <span class='ocr_line' id='line_1_36' title="bbox 127 2459 1351 2515; baseline 0.001 -13"><span class='ocrx_word' id='word_1_267' title='bbox 127 2468 148 2513; x_wconf 84' lang='lat'>§</span> <span class='ocrx_word' id='word_1_268' title='bbox 173 2468 326 2503; x_wconf 76' lang='lat' dir='ltr'>XXXIX.</span> <span class='ocrx_word' id='word_1_269' title='bbox 351 2459 475 2503; x_wconf 64' lang='lat' dir='ltr'>Amor</span> <span class='ocrx_word' id='word_1_270' title='bbox 496 2471 535 2504; x_wconf 85' lang='lat' dir='ltr'>de</span> <span class='ocrx_word' id='word_1_271' title='bbox 559 2472 593 2505; x_wconf 86' lang='grc' dir='ltr'>Β,</span> <span class='ocrx_word' id='word_1_272' title='bbox 618 2470 716 2515; x_wconf 78' lang='lat' dir='ltr'>Hisp.</span> <span class='ocrx_word' id='word_1_273' title='bbox 738 2469 814 2505; x_wconf 79' lang='lat' dir='ltr'>Nic.</span> <span class='ocrx_word' id='word_1_274' title='bbox 836 2467 1033 2505; x_wconf 60' lang='lat' dir='ltr'>Damasia-en,</span> <span class='ocrx_word' id='word_1_275' title='bbox 1054 2467 1135 2503; x_wconf 79' lang='lat' dir='ltr'>Dio.</span> <span class='ocrx_word' id='word_1_276' title='bbox 1161 2467 1233 2503; x_wconf 73' lang='lat' dir='ltr'>Cic,</span> <span class='ocrx_word' id='word_1_277' title='bbox 1255 2469 1351 2503; x_wconf 49' lang='lat' dir='ltr'>fatui*¹</span> 
     </span>
     <span class='ocr_line' id='line_1_37' title="bbox 81 2513 842 2559; baseline 0.004 -11"><span class='ocrx_word' id='word_1_278' title='bbox 81 2513 153 2548; x_wconf 68' lang='lat' dir='ltr'>liar.</span> <span class='ocrx_word' id='word_1_279' title='bbox 175 2525 232 2556; x_wconf 89' lang='lat'>13,</span> <span class='ocrx_word' id='word_1_280' title='bbox 256 2526 306 2554; x_wconf 81' lang='grc' dir='ltr'>ις.</span> <span class='ocrx_word' id='word_1_281' title='bbox 330 2515 350 2558; x_wconf 67' lang='grc'>5</span> <span class='ocrx_word' id='word_1_282' title='bbox 374 2516 452 2549; x_wconf 67' lang='grc' dir='ltr'>ΧῘ...Δ</span> <span class='ocrx_word' id='word_1_283' title='bbox 472 2516 617 2558; x_wconf 69' lang='lat' dir='ltr'>Appiam</span> <span class='ocrx_word' id='word_1_284' title='bbox 639 2517 728 2551; x_wconf 77' lang='lat' dir='ltr'>Flor.</span> <span class='ocrx_word' id='word_1_285' title='bbox 748 2529 787 2559; x_wconf 64' lang='grc'>4,</span> <span class='ocrx_word' id='word_1_286' title='bbox 812 2526 842 2557; x_wconf 75' lang='lat'>2,</span> 
     </span>
    </p>
   </div>
   <div class='ocr_carea' id='block_1_4' title="bbox 145 2559 1130 2613">
    <p class='ocr_par' dir='ltr' id='par_1_7' title="bbox 145 2559 1130 2613">
     <span class='ocr_line' id='line_1_38' title="bbox 145 2559 1130 2613; baseline -0.001 -7"><span class='ocrx_word' id='word_1_287' title='bbox 145 2562 194 2609; x_wconf 89' lang='lat' dir='ltr'>T.</span> <span class='ocrx_word' id='word_1_288' title='bbox 220 2563 313 2613; x_wconf 65' lang='lat' dir='ltr'>Liv.</span> <span class='ocrx_word' id='word_1_289' title='bbox 339 2565 431 2610; x_wconf 84' lang='lat' dir='ltr'>Vol.</span> <span class='ocrx_word' id='word_1_290' title='bbox 459 2565 550 2609; x_wconf 80' lang='lat' dir='ltr'>XI.</span> <span class='ocrx_word' id='word_1_291' title='bbox 1095 2559 1130 2605; x_wconf 66' lang='lat' dir='ltr'>F,</span> 
     </span>
    </p>
   </div>
  </div>
 </body>
</html>
