1685 3042
278 188 375 246 '264
441 186 531 234 JO.
566 186 1070 236 FREINSHEMII
1105 190 1466 240 SUPPLEM.'

279 291 412 342 speetu
441 293 605 334 hostium
630 295 752 336 effet:
790 298 961 348 captivos
989 298 1092 337 enim
1125 298 1223 338 inter
1261 298 1299 338 se
1333 312 1561 339 concurrere

280 364 486 406 coegerat,
517 358 612 398 alios
641 359 803 410 ligneis,
837 361 933 401 alios
956 361 1129 412 pelliceis
1159 362 1344 413 navigiis,
1373 363 1422 402 ad
1456 363 1562 402 deri-

279 415 456 456 dendum
475 419 682 460 Salvidieni
699 430 978 462 commentum.
1005 423 1124 462 Aucto
1150 423 1290 462 deinde
1313 424 1468 462 navium
1492 435 1562 462 nu-

277 489 410 526 mero,
445 491 534 519 cum
559 480 663 520 mare
687 481 854 520 vicinum
885 482 990 521 haud
1010 484 1126 522 dubie
1152 483 1310 523 haberet
1337 485 1377 523 in
1398 483 1561 534 potesta-

279 547 343 586 te,
367 543 530 590 majores
551 543 667 582 etiam
691 543 844 594 spiritus
864 542 1012 593 sumfit,
1038 547 1200 598 Neptuni
1215 546 1255 598 se
1269 547 1388 598 filium
1411 546 1561 595 ferens,

277 603 387 650 quod
415 605 451 643 Sc
474 604 553 655 ipse
577 605 719 644 valeret
741 605 943 652 clastibus,
980 607 1016 645 ἃ
1039 607 1259 656 progenitus
1285 608 1375 647 effer
1398 621 1469 657 eo,
1494 607 1562 658 qui

275 662 374 703 olim
401 667 519 706 totius
544 669 660 706 maris
682 667 885 717 imperium
910 667 1098 707 tenuiffet.
1117 668 1274 707 Interim
1301 668 1444 718 Caesar,
1469 667 1563 708 clas-

276 725 319 770 se
343 728 581 770 Brundisium
606 730 813 778 advectus,
838 742 928 768 cum
953 730 1121 770 Antonio
1152 729 1321 780 agitabat
1337 760 1349 777 ,
1375 730 1564 780 quemad-

276 790 443 829 modum
471 790 770 841 transportarent
797 791 951 842 copias,
979 804 1030 830 ne
1055 805 1076 830 a
1104 791 1242 831 Murco
1271 792 1566 843 exciperentur,

275 848 321 888 in
345 850 473 891 vicina
495 851 618 891 insula
657 864 748 893 cum
781 852 944 893 navibus
971 862 1131 893 centum
1161 854 1211 894 ad
1240 853 1317 893 hoc
1348 853 1474 940 ipsum
1495 864 1562 894 ex-

277 912 460 953 cubante.

348 975 409 1014 VI.
447 975 623 1016 Tandem
655 975 803 1025 Caesat,
835 980 980 1017 ornatis
1009 977 1269 1029 instructisque
1295 985 1478 1029 tanquam
1511 977 1563 1017 ad

275 1035 460 1085 proelium
490 1038 677 1086 navibus,
704 1046 837 1089 petere
862 1037 1023 1078 insulam
1053 1041 1186 1090 coepit.
1223 1042 1270 1079 At
1292 1040 1475 1089 Murcus,
1508 1048 1560 1077 ne

277 1099 464 1139 dimicare
487 1099 584 1139 locis
603 1101 766 1151 angustis
789 1108 1010 1152 cogeretur,
1031 1101 1121 1150 ubi,
1146 1101 1238 1140 hinc
1265 1100 1408 1141 Caesare
1423 1132 1435 1149 ‚
1469 1100 1562 1140 inde

275 1154 450 1201 Antonio
472 1162 818 1211 circumeuntibus,
837 1162 985 1202 includi
1009 1159 1150 1213 pbss‘etg
1177 1161 1325 1202 dimissa
1350 1162 1465 1213 priori
1491 1162 1561 1201 sta-

277 1226 411 1273 tione,
442 1225 482 1263 in
513 1234 690 1275 apertum
718 1239 821 1264 mare
848 1227 1001 1265 evectus
1030 1225 1093 1264 est.
1130 1225 1272 1264 interea
1298 1224 1419 1264 Caesar
1443 1235 1563 1263 occu-

275 1287 384 1337 pavit
415 1284 601 1333 insulam3
639 1288 674 1326 ἃ
705 1288 794 1337 quia
816 1285 945 1326 nullus
976 1287 1015 1326 in
1042 1286 1257 1337 propinquo
1285 1297 1416 1337 portus
1447 1294 1558 1335 erat,

274 1363 393 1401 quem
414 1356 543 1388 tenere
564 1349 723 1388 Murcus
751 1349 894 1401 posset,
916 1351 955 1389 in
977 1348 1276 1400 Thesprotidem
1293 1348 1422 1399 coegit
1441 1347 1561 1388 trans-

274 1414 441 1452 mittere.
476 1413 524 1451 At
548 1410 614 1450 ille
645 1412 695 1450 fic
728 1425 883 1462 quoque
917 1411 1144 1452 observabat
1173 1412 1384 1459 onerarias,
1420 1411 1560 1461 quibus

274 1474 419 1515 milites
452 1474 492 1512 in
525 1473 803 1512 Macedoniam
838 1472 1153 1521 trajiciebantur,
1188 1472 1359 1522 quamvis
1392 1472 1560 1511 deduce-

274 1546 403 1578 rentur
432 1548 453 1574 a
479 1534 630 1575 Caesaris
655 1534 887 1574 triremibus.
927 1535 1005 1574 Sed
1035 1535 1133 1574 adeo
1161 1535 1290 1574 favens
1323 1533 1396 1573 illis
1420 1544 1558 1575 ventus

273 1599 375 1646 fuit,
409 1606 452 1636 ut
485 1596 656 1647 praefidio
688 1594 783 1634 nihil
815 1608 926 1646 egere
957 1596 1183 1636 viderentur.
1219 1596 1398 1635 Ceterum
1433 1609 1558 1646 neque

276 1660 430 1712 postea,
453 1670 542 1697 cum
560 1659 594 1697 &
621 1670 749 1696 vacuae
770 1666 1044 1696 reverterentur
1069 1658 1336 1706 Brundisium,
1359 1660 1393 1699 δε
1420 1658 1559 1699 iterum

271 1724 430 1775 repletae
463 1721 553 1762 alias
586 1722 716 1772 copias
747 1721 1061 1769 transveherent,
1100 1721 1388 1772 deprehendere
1413 1735 1476 1762 eas
1514 1723 1556 1761 in

274 1784 406 1832 cursu,
430 1782 521 1822 licet
543 1791 721 1832 expertus
739 1783 889 1830 omnia,
906 1783 1061 1832 potuit:
1088 1781 1211 1820 donec
1233 1781 1425 1821 universus
1448 1794 1557 1821 exer-

269 1848 372 1886 citus
398 1857 487 1885 cum
513 1845 655 1885 Caesare
681 1848 716 1884 ἃ
743 1846 915 1884 Antonio
943 1844 981 1882 in
1006 1845 1188 1884 Graeciam
1219 1845 1554 1895 transgrederetur.

272 1910 435 1950 Murcus
461 1914 614 1953 tamen,
636 1906 726 1945 licet
756 1906 889 1943 iratam
929 1906 994 1945 sibi
1027 1906 1219 1945 fortunam
1247 1915 1422 1956 putaret,
1445 1908 1486 1945 in
1509 1920 1555 1946 ea

270 1971 429 2010 statione
457 1969 645 2020 perstitit,
681 1967 831 2019 sperans
861 1969 965 2016 fore,
999 1978 1041 2008 ut
1074 1968 1206 2008 saltem
1241 1980 1480 2008 commeatus
1514 1969 1553 2009 &

268 2033 536 2083 supplementa
566 2031 730 2072 hostium
759 2030 1012 2081 interciperet.

324 2094 405 2134 Vll.
446 2094 539 2134 Haec
569 2092 693 2143 agenti
729 2092 839 2132 misl'u
863 2091 972 2132 Caffii
1006 2093 1075 2133 Cn.
1098 2093 1288 2132 Domitius
1324 2091 1549 2133 Ahenobar-

268 2157 370 2202 bus,
416 2168 505 2195 cum
539 2155 812 2205 quinquaginta
847 2155 1006 2194 navibus
1044 2168 1192 2204 unaque
1226 2154 1378 2205 legione
1414 2156 1450 2194 Sc
1486 2153 1550 2193 sa-

267 2219 429 2270 gittariis
459 2218 701 2268 supervenit:
735 2230 970 2268 magnopere
996 2220 1099 2256 euim
1132 2217 1270 2255 referre
1300 2216 1418 2256 Italiae
1443 2229 1549 2255 com-

268 2290 419 2320 meatus
446 2281 682 2328 intercludi,
707 2282 810 2330 quod
839 2280 1007 2320 hostibus
1035 2274 1201 2319 aliunde
1213 2264 1353 2319 affirm
1380 2280 1549 2318 frumen-

267 2343 455 2383 tationem
482 2343 565 2382 fore
590 2342 867 2382 existimabant.
896 2342 1000 2382 Dum
1032 2342 1107 2381 hoc
1132 2343 1251 2381 modo
1282 2342 1380 2381 circa
1413 2340 1545 2393 prohi-

313 2461 336 2504 §
361 2459 1056 2503 V.D10.L·1v.Epit.App·1:.n.P013-aen
1079 2460 1181 2493 Strat.
1205 2459 1222 2491 8
1235 2468 1318 2501 ‚.24
1344 2459 1365 2505 §
1389 2459 1447 2495 VI.
1473 2459 1543 2504 Ap

266 2506 359 2549 piari.
384 2505 533 2551 Polyaen.
558 2506 680 2549 Velle]
703 2530 745 2546 ..,
765 2472 819 2547 γορ.
845 2505 919 2539 Liv.
943 2505 1033 2549 Epir
