1685 3042
246 225 324 269 IN
367 223 542 269 LOC.
589 223 724 267 LIB.
775 221 932 268 CXVI
969 225 1119 271 LIV.
1259 240 1350 291 109

64 331 213 383 'Caefizris
254 329 389 383 consuli
426 342 495 367 non
519 328 638 380 potest.
675 328 766 365 Haec
795 341 868 365 una
896 330 940 380 est
970 331 1101 380 optima
1139 335 1351 383 concordia,

65 405 170 445 quam
191 405 306 429 omnes
330 403 513 443 optamuS,
532 389 606 427 via.
619 389 672 439 fic
697 387 733 425 6·
756 402 938 427 veteranos
957 402 1066 439 mezu,
1089 394 1354 446 6³‘s7'bllicimdi-

67 467 111 490 ne
129 452 315 489 civitatem
348 450 580 488 liberabimus.
611 447 657 487 In
681 449 845 487 eandem
873 449 993 489 ferme
1017 451 1242 493 sententiam
1276 469 1354 495 ma-

66 527 163 565 gnus
189 523 315 552 orator
344 513 544 553 Munatius
570 513 732 552 Plancus
763 512 896 552 consul
925 515 1136 566 designatus
1161 518 1355 567 disseruit,

63 574 135 614 nifi
161 575 267 624 quod
297 587 366 624 pro
393 573 674 624 percussoribus
700 573 815 624 paulo
843 575 1049 616 liberalius.
1088 577 1192 617 hunc
1215 580 1355 619 deinde

63 638 124 680 M.
141 637 289 678 Tullius
304 639 479 688 excepit,
496 641 531 678 ὁὶ
545 669 555 687 ,
568 652 642 688 qua
659 637 827 687 solebat,
842 639 990 679 summa
1006 641 1223 692 eloquentia
1241 643 1354 683 diffe-

66 703 170 749 ruit,
193 716 322 739 omnem
351 702 544 739 memoriam
581 701 786 753 injuriarum
817 702 993 741 oblivione
1009 705 1218 758 sempiterna
1242 707 1356 744 delen-

68 766 151 802 dam
179 764 249 815 effi.
287 762 349 801 sed
368 764 402 801 ἃ
420 762 595 802 Graecum
614 762 771 801 verbum
788 763 982 814 usurpavit
1001 768 1199 819 amnestiam
1214 797 1225 816 ,
1241 768 1356 807 Athe-

64 826 250 864 niensium
277 826 421 865 fac'tum
452 838 785 874 commemorans,
819 827 879 878 qui
905 828 982 880 post
1006 840 1149 867 externa
1177 842 1278 882 atque
1303 833 1358 869 in-

64 888 188 939 testim
214 887 332 934 mala,
354 889 640 939 tyrannidemque
654 888 824 940 perlatam
840 919 852 937 ‚
878 889 942 927 lzac
968 903 1040 928 una
1062 901 1197 929 tantum
1225 893 1360 932 ratione

65 948 308 998 rempublicam
334 947 592 999 constituifferzt.

121 1009 342 1049 LXXXIV.
373 1010 533 1049 Placatis
555 1023 623 1060 per
645 1009 726 1049 haec
760 1010 879 1049 ferme
913 1002 1075 1061 animis,
1100 1014 1136 1052 &
1162 1013 1357 1053 inclinatis

64 1071 115 1110 ad
140 1072 409 1119 concordiam,
435 1071 475 1110 fit
493 1071 860 1112 senatusconsultum
875 1104 886 1122 ,
909 1077 1014 1127 quaeri
1034 1077 1076 1114 de
1092 1078 1180 1115 caede
1207 1078 1358 1130 Caefizris

66 1149 136 1173 non
153 1135 287 1188 placere
305 1149 315 1173 .·
331 1138 408 1173 aaa
430 1149 510 1174 rata
534 1135 610 1187 effe.
632 1137 811 1175 additum
833 1139 898 1184 est,
915 1152 1055 1192 propter
1071 1140 1260 1179 utilitatem
1280 1157 1359 1194 pu-

66 1196 217 1244 blicam,
241 1196 341 1246 quasi
366 1209 434 1246 per
468 1196 504 1235 se
526 1195 694 1235 invalida
729 1191 908 1240 fuiffent3
932 1199 1175 1239 tendentibus
1208 1200 1358 1252 percus-

64 1257 194 1296 sorum
221 1259 378 1298 amicis,
409 1260 445 1290 ἃ
472 1257 711 1290 concedente
752 1254 931 1292 Antonio.
967 1257 1041 1297 Sed
1083 1263 1118 1299 &
1157 1261 1251 1298 illud
1289 1274 1358 1297 ex-

65 1312 278 1363 prefferunt
311 1321 585 1350 veteranorum
614 1313 858 1351 centuriones
886 1313 1104 1363 tribunique
1121 1346 1132 1362 ‚
1152 1316 1203 1353 uti
1219 1317 1260 1353 cle
1271 1331 1358 1368 prce-

67 1374 149 1412 miis
166 1373 246 1425 fiiis
260 1386 364 1425 atque
384 1372 535 1410 coloniis
551 1374 757 1412 nominatim
773 1374 993 1424 referretur3
1020 1375 1084 1414 hie
1101 1377 1215 1415 etiam
1227 1407 1238 1425 ,
1256 1378 1356 1427 quasi

66 1449 136 1488 per
166 1444 336 1484 metum,
365 1436 528 1475 cedente
552 1437 748 1483 Antonio,
783 1439 818 1477 &
847 1438 1151 1486 demonstrante,
1176 1455 1252 1478 cum
1269 1455 1357 1491 μηκ-

55 1499 188 1550 fidium
205 1498 352 1550 senatus
381 1511 450 1535 non
474 1498 628 1545 habeat,
649 1498 742 1535 nihil
767 1499 926 1551 denegari
949 1499 1043 1551 poffe
1065 1500 1221 1539 armatis.
1250 1499 1356 1538 Inter

64 1557 150 1598 haec
178 1558 455 1609 postulantibus
486 1558 675 1606 Patribus,
694 1559 745 1596 uti
772 1561 962 1597 concordiae
985 1561 1139 1598 ineundae
1162 1563 1355 1614 exemplum

67 1621 225 1660 conules
261 1622 407 1668 dorent,
430 1621 714 1672 quemadmodum
740 1621 775 1659 ὃ»
802 1620 979 1671 confilium
1013 1621 1199 1673 dediffi’nt3
1230 1623 1356 1673 depo-

68 1682 142 1720 sitis
165 1682 376 1720 inimicitiis
393 1713 404 1728 ,
424 1683 463 1720 in
484 1681 645 1732 gratiam
661 1682 878 1722 redierunt:
899 1685 940 1722 &
961 1695 1008 1722 ex
1022 1696 1068 1722 eo
1085 1685 1148 1723 die
1163 1687 1355 1725 Antonius

67 1742 258 1793 collegam
288 1742 505 1781 consulatus
531 1741 587 1780 sui
619 1742 859 1795 Dolabellam
884 1745 1053 1794 agnovit.

144 1804 348 1844 LXXXV.
379 1806 521 1845 Senatu
549 1804 720 1854 dimisso,
750 1805 789 1845 L.
821 1804 994 1845 Pisonem
1027 1807 1356 1855 circumsteterunt

70 1864 251 1915 quidam,
279 1881 321 1903 ne
348 1866 490 1904 tabulas
526 1867 711 1918 testamenti
740 1867 888 1919 Caesaris
910 1867 1096 1920 proferret,
1121 1885 1206 1907 neve
1231 1870 1355 1922 palam

60 1929 220 1982 sepeliret
242 1942 434 1978 mortuum,
465 1930 694 1980 rogitantes:
720 1945 763 1967 ne
777 1930 870 1982 sorte
899 1930 986 1982 quid
1011 1932 1090 1969 inde
1116 1946 1285 1970 novarum
1306 1947 1357 1969 re-

68 2005 143 2028 rum
166 1992 361 2030 exoriretur.
391 1992 607 2041 Negantem
634 1991 724 2030 inde
748 1990 957 2042 presserunt
988 1994 1137 2040 acrius,
1166 1993 1286 2031 minas
1299 1993 1358 2031 in-

68 2053 273 2092 tendentes
287 2083 299 2101 ,
310 2055 348 2104 fi
361 2067 502 2106 propter
522 2069 596 2092 eum
619 2054 856 2107 dffparentur
878 2067 985 2093 tantae
1009 2070 1112 2107 opes,
1134 2052 1222 2107 quus
1239 2057 1357 2107 publi.

67 2129 133 2152 cas
159 2114 220 2167 effi:
246 2127 437 2167 oporteret,
465 2125 667 2166 tyrannum
710 2116 819 2155 fuisse
855 2116 1040 2156 Caesarem
1074 2117 1355 2157 subinnuendo.

69 2178 190 2229 Igitur
210 2178 295 2218 'Piso
315 2178 491 2233 consules
513 2179 689 2219 altiffima
714 2192 809 2220 voce
832 2180 1009 2228 testatur,
1027 2181 1155 2219 Patres
1179 2182 1355 2219 nondum

69 2239 252 2289 digreffos
279 2241 399 2279 iterum
420 2242 516 2294 cogi,
535 2242 656 2292 petiit.
683 2257 750 2280 rem
778 2243 868 2281 enim
884 2245 972 2294 fitne
995 2257 1157 2295 magnam
1179 2244 1285 2280 incidi
1315 2257 1355 2281 e:

68 2304 209 2355 quando
237 2304 290 2352 ii,
313 2305 373 2356 qui
399 2316 588 2356 tyrannum
611 2304 797 2358 oppreffitm
828 2305 890 2358 effe
905 2317 1081 2358 pugnent,
1109 2317 1161 2343 tot
1192 2306 1354 2343 exorian-

119 2420 142 2463 5
166 2402 353 2457 Lxxxm.
383 2422 455 2454 Cic.
478 2421 565 2455 Phil.
593 2433 605 2455 1
624 2448 634 2463 ‚
662 2435 673 2454 ι
695 2421 728 2454 δε
747 2432 798 2465 13.
823 2423 913 2455 idem
934 2424 1086 2458 familiar.
1118 2435 1179 2465 ιο,
1207 2424 1236 2456 s.
1264 2423 1357 2457 plut-¹

12 2466 13 2469 ’
73 2465 113 2497 'm
146 2464 240 2497 Brut.
268 2477 296 2497 c.
324 2466 376 2497 28.
404 2467 526 2510 Vellej.
550 2479 589 2508 2,
622 2469 671 2504 56.
694 2466 775 2500 Dio.
797 2467 818 2510 §
843 2467 1030 2507 Lxxxiv.
1047 2468 1194 2513 Appian.
1216 2469 1311 2503 civil.
1327 2469 1352 2501 10

75 2518 110 2543 2.
145 2509 215 2546 Cic.
244 2509 412 2563 adyAttic.
440 2523 502 2564 i4,
526 2515 586 2555 16,
610 2511 644 2545 ὅ(
669 2511 757 2547 Phn.
789 2523 802 2545 1
822 2537 833 2554 ‚
860 2522 912 2554 17.
