1685 3042
277 194 513 245 26610.
545 196 1081 246 FREINSHEMH
1115 200 1494 248 SUPPLEM

279 301 330 340 ad
357 301 640 353 Brutum,—ille
656 305 705 344 ad
730 307 938 346 Antonium
971 305 1194 357 applicatus.
1239 307 1337 346 Cum
1361 307 1476 359 igitur
1499 306 1560 347 his

278 363 472 404 notiffima
495 366 599 418 regio
627 367 739 414 effet,
762 369 803 407 in
829 382 902 418 qua
927 369 1042 408 castra
1067 369 1198 408 metati
1220 368 1362 417 ,Iuliani
1381 370 1557 417 fuerant,

278 423 534 478 interrogatus
553 443 575 468 a
597 430 721 470 Caffio
746 430 995 481 Rhascupolis
1009 461 1021 480 ,
1046 432 1270 483 brevzffirnam
1292 432 1344 470 ait
1366 432 1559 484 publicam-

278 503 344 540 que
364 489 462 529 viam
475 506 541 544 per
561 495 700 532 AEnum
721 495 756 533 6²
779 495 986 532 Maroneam
1003 495 1053 532 ad
1063 495 1259 546 Sapaeorum
1275 493 1404 545 fauces
1419 495 1560 531 ducere:

273 549 343 602 fid
367 551 453 601 haS,
473 555 519 592 ab
541 552 691 607 hostibus
713 567 793 593 ante
818 567 942 606 captas
957 584 968 602 ,
984 556 1119 607 transtri
1141 556 1242 594 nulla
1261 557 1299 594 vi
1321 555 1483 608 nulloque
1505 556 1560 592 in-

274 612 378 663 genio
392 614 498 666 poffi.
544 617 654 667 Quod
675 617 713 666 fi
737 616 816 667 quis
847 617 1091 654 circumducere
1127 627 1257 665 tentet,
1283 606 1386 670 triplo
1416 617 1559 670 longius

275 672 362 720 iter,
390 676 572 728 multzfirue
597 675 864 729 difficultatibus
892 676 1088 728 impeditum
1102 675 1192 727 fhre.

333 743 387 784 X.
411 747 461 793 At
480 746 746 795 imperatores,
762 753 1048 783 commeatuum
1066 745 1193 794 potius
1217 744 1325 785 eausa
1342 745 1560 794 veniffeJu-

277 801 400 844 lianos
432 806 473 844 in
502 805 710 846 Thraciam
741 800 833 854 rati,
863 818 976 856 quam
1007 805 1239 856 prohibendi
1277 806 1443 846 aceeffus
1470 819 1565 846 con-

276 866 384 916 filio,
406 870 627 919 propiorem
650 870 750 908 viam
778 868 1025 919 delegerunt,
1049 871 1085 909 δε
1107 877 1241 919 praeter
1257 869 1561 920 Lysimachiam,

279 930 330 969 ad
360 930 555 970 melanem
580 931 701 970 sinum
727 931 905 981 progressi
928 930 1024 971 sunt.
1059 930 1117 970 Ibi
1149 930 1298 971 delectu
1321 934 1429 980 aeto,
1454 944 1562 982 repe-

277 1001 409 1031 rerunt
434 993 604 1045 legiones
631 993 858 1044 semiplenas
883 993 1148 1044 undeviginti,
1175 1006 1334 1043 quarum
1355 995 1443 1034 octo
1469 994 1561 1034 Bru-

277 1052 308 1091 ti
336 1062 462 1101 erant,
486 1054 638 1106 reliquae
661 1054 799 1102 Caffii,
830 1066 918 1093 cum
939 1053 1086 1093 duabus
1107 1053 1346 1104 legionibus,
1369 1067 1450 1104 quae
1476 1053 1563 1104 sup-

278 1114 467 1165 plementi
499 1117 582 1156 vice
609 1128 741 1156 recens
768 1114 1023 1163 accesserant,
1053 1116 1232 1165 gravioris
1261 1123 1457 1155 armaturae
1476 1115 1563 1155 mil-

276 1175 329 1215 lia
357 1178 508 1217 circiter
534 1180 741 1228 octoginta.
772 1177 952 1228 Equitum
989 1176 1186 1216 Gallorum
1217 1177 1560 1227 Lusitanorumque

278 1239 401 1280 millia
431 1248 594 1291 quatuor
627 1241 765 1280 Brutus
797 1238 991 1286 habebat,
1031 1251 1121 1278 cum
1158 1238 1311 1277 duobus
1339 1237 1508 1278 millibus
1535 1251 1557 1278 e

278 1300 446 1342 Thracia
471 1304 507 1341 ἃ,
529 1301 681 1353 Illyrico
715 1310 827 1352 atque
858 1314 879 1339 e
901 1299 1091 1341 Thessalia
1119 1299 1300 1339 collectiS.
1338 1300 1450 1350 Apud
1473 1298 1560 1339 Cas-

278 1363 374 1402 sium
399 1363 597 1402 Gallorum
625 1362 958 1413 Hispanorumque
982 1361 1058 1400 duo
1083 1361 1201 1399 millia
1226 1370 1355 1408 erant,
1381 1368 1561 1411 praeterea

278 1433 442 1475 quatuor
460 1425 651 1475 Arabum,
668 1424 976 1474 Medorumque,
991 1425 1028 1463 δε
1049 1422 1272 1463 Parthorum
1288 1435 1334 1463 ex
1349 1423 1454 1473 equis
1476 1423 1564 1462 mit-

280 1489 445 1529 tentium
472 1487 638 1538 sagittas.

334 1550 412 1590 XI.
437 1550 495 1590 Ad
522 1549 603 1589 haec
628 1548 719 1588 socii
747 1560 852 1599 reges
875 1549 910 1587 Sc
938 1546 1098 1587 Galatici
1129 1546 1351 1594 tetrarchae‚
1381 1559 1562 1598 magnam

282 1612 362 1651 vim
389 1613 590 1663 peditum,
625 1614 660 1651 δε
694 1610 816 1650 millia
855 1609 1026 1660 equitum
1061 1609 1228 1659 quinque
1258 1604 1561 1662 conjunxerant:

283 1673 421 1724 quibus
445 1673 633 1724 postremo
659 1672 812 1713 acceffit
833 1670 1123 1722 Rhascupolidis
1151 1670 1337 1721 equitatus
1353 1700 1364 1719 ,
1388 1669 1456 1709 tria
1474 1668 1568 1708 mil-

282 1733 348 1773 lia.
382 1734 453 1774 His
479 1734 621 1773 viribus
638 1732 816 1783 supremo
845 1732 1089 1773 decertarunt
1116 1731 1278 1783 proelio,
1311 1743 1401 1770 cum
1423 1739 1566 1771 ceteras

284 1796 418 1845 copias
451 1795 499 1834 ad
528 1794 622 1834 alios
654 1794 740 1834 usus
770 1794 1012 1845 reliquissent.
1059 1794 1228 1834 Lustrato
1261 1793 1336 1833 hoe
1367 1794 1563 1844 exercitu,

286 1857 491 1904 donativa,
527 1856 668 1906 quibus
701 1867 748 1894 ex
786 1854 967 1905 promisso
1005 1854 1271 1903 debebantur,
1306 1853 1470 1894 studiose
1503 1868 1565 1894 re-

287 1919 513 1971 praesentata
543 1919 641 1958 sunt.
675 1926 848 1957 curatum
874 1919 979 1957 enim
1012 1917 1161 1966 fuerat,
1199 1929 1246 1955 ne
1277 1916 1418 1956 deesset
1453 1929 1570 1968 pecu-

288 1983 379 2028 nia,
413 1982 503 2031 quia
535 1981 652 2021 robur
675 1982 870 2030 copiarum
896 1992 943 2018 ex
967 1979 1153 2018 veteranis
1179 1987 1283 2027 erat,
1311 1979 1374 2029 qui
1404 1978 1469 2019 sub
1488 1980 1570 2020 Cae.

286 2041 367 2080 sare
386 2042 555 2082 fecerant
573 2042 783 2093 stipendia;
810 2043 864 2090 Sc,
883 2054 931 2080 ne
957 2040 1183 2091 conspecto,
1211 2041 1274 2091 qui
1295 2041 1399 2079 idem
1421 2053 1568 2081 nomen

284 2104 424 2153 ferret,
448 2106 615 2153 juvene,
646 2105 782 2144 iterum
816 2117 943 2143 amare
977 2112 1102 2154 partes
1132 2103 1217 2142 istas
1245 2102 1428 2151 mallent,
1454 2105 1568 2142 time-

284 2167 408 2207 batur.
444 2168 541 2218 Ergo
565 2179 689 2218 neque
717 2166 1023 2216 intempestivum
1044 2165 1288 2213 credebatur,
1310 2165 1480 2215 alloquio
1507 2165 1569 2204 fir.

286 2242 391 2269 mare
417 2229 595 2276 animos,
631 2227 844 2279 effeetoque
871 2227 1080 2275 tribunali,
1109 2226 1175 2266 ubi
1201 2227 1278 2266 duo
1315 2229 1567 2277 imperatores

289 2303 378 2330 cum
410 2290 496 2329 solis
521 2289 757 2329 senatoribus
795 2289 1023 2338 affisterent,
1049 2297 1183 2328 vocata
1210 2289 1262 2327 est
1289 2289 1450 2329 concio:
1481 2301 1568 2339 pro-

292 2352 506 2403 gressusque
532 2365 553 2392 e
577 2353 706 2392 medio
731 2362 943 2392 ceterorum
967 2353 1007 2392 C.
1030 2351 1194 2400 Cassius,
1220 2354 1328 2401 cujus
1353 2352 1451 2391 aetati
1475 2352 1570 2391 Bru-

287 2422 350 2454 tus
378 2414 640 2463 concedebat,
665 2416 705 2454 in
730 2415 829 2454 hanc
857 2416 978 2454 ferme
1003 2415 1228 2454 sententiam
1253 2414 1367 2454 verba
1393 2414 1496 2453 fecit.

343 2483 430 2524 XII.
462 2483 573 2524 Nihil
596 2483 749 2538 amplius
781 2499 802 2522 ιι
827 2485 917 2524 Diis
945 2484 1195 2523 immortalibus
1226 2497 1334 2538 patere
1359 2496 1571 2538 poteramus,
