1685 3042
247 172 329 222 IN
377 166 724 217 LOC.1..IB.
766 161 903 211 CXV
952 162 1103 211 LIV.
1256 158 1314 207 61

46 290 240 323 matronas
264 278 484 333 prohibuit,
513 287 596 325 quae
628 285 701 312 nec
729 272 828 310 viros
856 282 928 309 nec
953 269 1093 308 liberos
1123 268 1333 317 haberent,·

53 347 90 385 ἃ
128 344 292 382 minores
321 340 440 379 effent
469 337 579 377 annis
609 334 884 385 quinquaginta
909 331 1090 382 quinque.
1130 331 1230 369 circa
1256 341 1338 367 rna„

47 404 191 444 cellum
230 402 406 442 custodes
446 396 658 449 disposuit,
695 396 759 446 qui
801 393 960 434 obsonia
999 399 1132 430 contra
1171 394 1336 430 vetitum

47 476 153 506 emta
173 468 401 510 retinerent,
433 462 754 512 deportarentque
779 457 829 496 ad
854 455 915 504 se3
939 452 1124 494 submiffis
1156 464 1337 490 nonnun..

48 539 166 576 quam
186 525 382 565 lictoribus
403 530 516 572 atque
540 519 751 566 militibus,
774 516 839 568 qui
854 547 865 565 ,
889 516 913 555 fi
934 528 1007 566 qua
1033 512 1207 553 custodes
1226 511 1339 551 fefel-

51 582 204 635 lissent,
232 589 312 635 jam
343 585 514 636 apposita
545 596 567 622 e
595 580 730 621 mensis
755 580 840 631 ipfis
867 577 1058 618 afferrent.

105 648 261 689 XXIX.
292 646 462 687 Correxit
490 647 526 684 ἃ
555 643 692 690 fastos,
724 641 955 692 jampridem
982 639 1221 689 superiorum
1241 644 1340 674 tem-

52 724 195 763 porum
224 710 438 761 ignorantia
461 739 473 757 ,
514 710 550 748 δε
593 719 660 757 per
696 705 892 744 licentiam
928 699 1213 746 intercalandi,
1244 701 1341 738 dum

53 774 261 826 pontifices
296 775 336 812 in
367 772 524 824 gratiam
552 769 850 821 publicanorum
884 765 1126 811 extendunt,
1153 770 1220 802 aut
1251 774 1344 800 con-

55 836 214 876 trahunt
242 845 442 885 tempora,
474 835 529 873 ita
568 833 768 880 turbatos,
798 838 842 868 ut
873 840 998 878 neque
1031 825 1204 865 meffium
1232 823 1338 862 feriae

56 899 197 946 aestati,
215 909 339 947 neque
357 894 638 934 vindemiarum
661 900 845 931 autumno
871 888 1164 939 responderent,
1187 887 1223 925 ἃ
1241 886 1345 933 jam,

56 960 164 1009 quod
203 970 249 997 ex
281 956 555 995 emendatione
591 952 747 993 Caesaris
784 948 1039 1000 intelligitur,
1076 948 1142 997 qui
1181 946 1210 984 V
1236 944 1342 985 Non.

56 1021 216 1058 octobr.
254 1018 327 1054 effe
366 1014 549 1048 debuerat
589 1017 697 1054 div-⁵,
728 1015 963 1065 principium
1004 1010 1093 1049 anni
1127 1008 1349 1049 haberetur:

55 1073 177 1125 Igitur
206 1069 408 1122 repudiata
432 1076 605 1107 veterum
628 1067 800 1114 ratione,
833 1075 898 1114 qua
923 1071 1040 1109 secuti
1065 1070 1164 1108 lunae
1196 1065 1346 1107 revolu.

55 1137 180 1175 tiones
217 1133 394 1178 fuerant,
415 1130 464 1169 ad
493 1129 581 1167 solis
606 1126 756 1166 cursum
783 1124 1001 1170 ordinavit,
1029 1121 1211 1171 AEgyptiis
1237 1123 1347 1158 adhi-

57 1195 172 1243 bitis,
193 1196 228 1233 &
259 1192 433 1244 principe
463 1189 635 1228 omnium
664 1187 865 1237 Sofigene,
883 1195 978 1235 quos
994 1181 1232 1222 Alexandriae
1253 1191 1348 1220 con«

54 1257 244 1303 summat,
271 1256 307 1294 δε
331 1253 390 1293 M.
422 1251 552 1292 Flavio
574 1250 694 1289 scriba
719 1248 925 1287 annitente.

112 1318 248 1360 XXX.
279 1316 356 1355 Sed
384 1311 630 1354 Alexandrini
656 1311 823 1349 tricenos
850 1308 930 1347 dies
956 1307 997 1345 in
1021 1303 1166 1344 menses
1191 1302 1344 1353 partiti,

60 1380 131 1422 sub
161 1380 278 1418 finem
304 1377 392 1417 anni
432 1377 602 1426 quinque
631 1372 797 1424 reliquos
828 1370 1035 1410 addebant.
1080 1368 1120 1407 id
1151 1364 1347 1417 displicuit

60 1439 221 1487 Caesari,
249 1436 449 1489 potiusque
478 1435 628 1483 visum,
661 1436 696 1474 ἅ
729 1429 817 1472 illos
854 1428 1023 1482 quinque
1052 1430 1159 1477 dies,
1191 1429 1227 1468 Sc
1252 1426 1354 1466 alion

19 1497 22 1500 ’
63 1501 220 1551 insuper
254 1497 350 1537 duos
379 1497 584 1556 Februario
612 1495 829 1542 detraCtoQ
851 1493 964 1531 certis
990 1490 1178 1530 menfibus
1205 1490 1350 1538 adjice⁶

62 1575 127 1610 re,
160 1564 195 1600 ἃ
225 1551 453 1613 quadrantes
482 1558 559 1596 diei
587 1557 662 1611 (eo
691 1558 794 1595 enim
828 1554 948 1593 ferme
982 1552 1104 1603 spatio
1136 1551 1223 1592 solis
1251 1564 1348 1590 con-

66 1621 185 1661 versio
211 1618 291 1659 dies
319 1628 511 1657 trecentos
538 1617 730 1668 sexaginta
756 1614 924 1672 quinque
947 1614 1121 1666 superat)
1145 1612 1352 1665 colligere?

65 1683 194 1722 donec
223 1694 269 1720 ex
293 1680 351 1720 his
376 1680 554 1720 conferta
586 1681 667 1719 dies
693 1687 826 1731 quarto
857 1690 1009 1729 quoque
1040 1690 1141 1716 anno
1174 1677 1348 1715 interca-

65 1742 235 1791 laretur,
257 1755 303 1781 eo
329 1741 458 1780 mense
489 1753 533 1780 ac
557 1740 668 1788 loco,
691 1753 766 1790 quo
789 1739 905 1778 etiam
933 1737 1036 1788 apud
1066 1750 1210 1776 veteres
1234 1737 1350 1775 inter-

66 1803 182 1844 calari
204 1803 475 1851 consueverat,
496 1803 535 1841 id
561 1803 637 1850 est,
665 1810 751 1840 ante
775 1802 944 1851 quinque
972 1799 1128 1838 ultimos
1154 1796 1350 1838 Februarii

60 1868 197 1909 mensis
228 1867 308 1906 dies
336 1880 344 1906 :
386 1867 501 1917 idque
527 1866 707 1919 bzffixtum
733 1865 878 1904 censuit
905 1863 1204 1915 appellandum
1240 1859 1349 1913 quod

61 1928 244 1968 nimirum
275 1926 314 1968 id
344 1927 505 1968 biduum
538 1941 608 1979 pro
637 1940 716 1967 uno
743 1928 805 1966 die
833 1925 989 1976 haberi,
1014 1927 1050 1966 ἅ
1075 1926 1178 1966 diem
1198 1924 1348 1964 sextum

62 1989 150 2031 Kal.
178 1989 294 2029 Mart.
323 1990 450 2027 vocari
479 1986 645 2027 volebat.

118 2051 274 2093 XXXI.
314 2050 366 2092 Ut
388 2052 500 2102 igitur
525 2060 603 2090 tam
632 2050 738 2090 foede
766 2049 919 2091 luxatus
948 2063 1071 2090 annus
1102 2050 1150 2089 ad
1181 2049 1349 2088 siderum

69 2112 233 2163 coelique
255 2112 357 2163 leges
382 2122 623 2152 revocaretur
642 2143 653 2161 ,
677 2125 766 2152 cum
790 2109 877 2152 illos
896 2111 1148 2163 supervacuos
1169 2107 1248 2149 dies
1265 2140 1275 2157 ,
1298 2108 1350 2148 ad

67 2175 262 2225 sexaginta
298 2174 443 2225 septem
470 2177 510 2214 in
534 2174 794 2215 Novembrem
831 2189 875 2214 ac
905 2172 1158 2215 Decembrem
1188 2174 1349 2222 interje-

66 2237 142 2286 cit3
162 2246 244 2276 turn
272 2237 439 2276 mensem
467 2235 781 2287 Mercedonium,
808 2238 882 2279 five
904 2238 1189 2287 intercalarem,
1207 2239 1272 2288 qui
1299 2248 1347 2276 ex

111 2351 134 2393 §
164 2351 325 2384 XXVIII.
358 2352 439 2386 Dio.
463 2354 605 2386 Sueton.
634 2353 758 2387 Euseb.
788 2355 932 2398 Appian.
963 2357 1055 2388 civil.
1080 2356 1102 2388 l.
1127 2365 1156 2386 ἲ.
1181 2355 1286 2386 Solin.
1310 2364 1344 2385 c.

71 2405 103 2438 3.
122 2395 393 2446 §.XXIX-plut.
415 2399 449 2429 in
474 2397 559 2430 Caes.
577 2410 606 2429 c.
628 2398 681 2435 83·-
697 2399 818 2443 Scalig.
842 2401 882 2432 de
897 2401 1023 2432 emend.
1043 2409 1145 2440 temp.
1169 2399 1190 2431 Ι.
1209 2409 1240 2429 2.
1262 2396 1347 2429 Dio.

71 2440 220 2526 21212113112:
245 2440 400 2521 Silaos?
420 2467 430 2484 ,
457 2453 511 2485 25.
549 2443 570 2488 §
596 2441 704 2476 XXX.
740 2444 891 2478 Macrob.
924 2445 1091 2482 Saturnal.
1116 2442 1280 2483 Herodot.
1304 2453 1348 2484 2,
