1685 3042
328 172 421 222 304
486 156 1506 209 JO.‘FRE1NSHEM118UPPLEM.

325 271 457 315 gerat:
474 261 571 304 Inde
601 263 723 303 fames
752 264 885 304 invafit
907 265 1067 313 urbem,
1101 266 1137 304 ἃ
1156 269 1236 303 'una
1263 277 1352 304 cum
1385 266 1523 304 ceteris
1547 263 1606 303 in<-

327 327 543 366 commodis
566 327 702 366 afflixit
726 326 815 366 sane
839 328 1012 379 graviter.
1054 329 1156 368 Nam
1180 327 1289 366 furtis
1312 326 1528 378 rapinisque
1543 339 1606 365 ex-

325 389 456 440 pofitae
487 397 594 428 erant
616 390 836 429 tenuiorum
861 390 1021 437 domus,
1047 391 1081 429 ἂ
1109 388 1177 427 sub
1203 389 1346 428 invidia
1375 388 1606 436 militum,a

325 450 520 501 quibusvis
550 451 711 501 perditis
747 451 969 490 hominibus
995 452 1155 501 impune
1185 451 1372 490 maleficia
1398 449 1608 501 patrabans

327 519 401 553 tur.
426 512 665 560 Accedebat,
689 513 793 562 quod
818 521 1001 562 perpetua
1024 512 1290 563 intercedebat
1304 512 1490 552 veteranis
1513 520 1604 549 cum

328 573 593 625 possessoribus
632 587 796 623 pugna:
835 586 961 623 neque
998 572 1222 613 humiliores
1254 583 1405 614 tantum
1436 573 1608 613 offende-

328 635 493 684 bantur;
524 636 574 674 ad
607 635 797 673 senatores
823 635 940 673 etiam
963 635 1112 684 injuriae
1136 645 1402 686 pervenerunt.

381 706 488 746 XIV.
517 705 587 745 His
614 706 744 754 enim,
772 704 838 743 sua
861 703 962 744 salva
991 706 1152 744 retinere
1180 706 1450 756 cupientibus,
1477 707 1609 746 durius

327 767 585 819 respondebat
613 766 758 814 Caesar,
788 769 881 805 unde
916 767 1023 820 igitur
1050 768 1208 819 satisfiet
1233 769 1433 807 veteranis?
1461 775 1501 806 at.
1534 767 1612 806 hoc'

328 829 573 880 periniquum
599 827 674 868 illis
703 828 931 877 videbatur,
965 828 1014 867 de
1035 827 1109 867 suis
1140 828 1429 879 poffeffionibus
1454 830 1611 879 praemia

329 890 514 938 militibus
536 890 639 938 dari,
663 902 753 929 cum
783 903 906 940 neque
931 890 1174 939 delec‘tuum,
1191 894 1321 942 'neque
1343 891 1613 942 promissorum

329 953 506 991 auctores
530 951 654 990 Patres
684 950 851 991 fuiffent.
883 950 1053 1000 Idcirco,
1087 962 1129 991 ut
1154 954 1196 991 in
1233 965 1272 991 re
1303 953 1490 1003 ancipiti,
1521 965 1614 1002 cum

328 1015 370 1053 in
396 1013 612 1052 universum
643 1013 753 1053 statui
780 1013 878 1053 nihil
908 1014 1056 1064 posset,
1083 1013 1245 1054 subinde
1284 1014 1360 1055 huc
1386 1015 1477 1054 illuc
1501 1015 1616 1055 incli-

329 1077 503 1115 nandum
531 1075 665 1115 Caesari
697 1076 797 1114 fuit:
833 1088 956 1123 eoque
981 1076 1085 1113 facto
1107 1075 1192 1124 plus
1221 1077 1301 1115 odii
1331 1080 1508 1127 utrinque
1536 1075 1617 1124 illi,

330 1152 446 1190 quam
469 1138 596 1190 gratiae
616 1137 786 1187 partum.
821 1137 971 1186 quoties
996 1137 1098 1175 enim
1124 1136 1285 1175 senatori
1306 1139 1483 1182 favebat,
1510 1138 1615 1186 quod

329 1213 469 1253 praeter
508 1213 658 1250 aequum
700 1199 791 1238 huic
821 1199 1001 1238 tribueret
1038 1198 1163 1248 nihil,
1197 1202 1256 1248 jus
1283 1190 1413 1249 potius
1437 1197 1616 1237 debitum·

330 1261 511 1309 reddere,
532 1273 646 1310 quam
664 1261 832 1300 tribuere
851 1260 1079 1300 beneficium
1094 1291 1105 1308 ‚
1120 1261 1344 1300 videbatur:
1368 1269 1405 1298 at
1425 1258 1534 1298 miles
1543 1261 1615 1311 fita

322 1324 394 1377 fibi
418 1322 497 1361 tolli
526 1323 865 1372 interpretabatur,
901 1324 926 1361 si
949 1323 1126 1373 promissa
1154 1324 1298 1362 tardius
1324 1330 1389 1361 aut
1423 1321 1619 1372 angustius

333 1386 618 1437 exspec'tatione
651 1384 713 1424 sua
744 1385 1014 1434 praestarentur.
1053 1386 1155 1435 quod
1194 1386 1217 1423 fi
1251 1384 1382 1423 militis
1410 1382 1619 1432 adjuvabat

332 1448 583 1493 aviditatem,
605 1458 728 1495 neque
752 1444 817 1483 hic
841 1446 982 1484 debere
1000 1446 1158 1497 putabat
1183 1447 1366 1496 gratiam,
1393 1443 1620 1495 promissum

333 1508 538 1554 auferens,
566 1508 602 1546 δι’.
621 1505 769 1545 senator
784 1507 825 1558 se
843 1506 996 1559 spoliari
1021 1519 1068 1544 ne
1093 1507 1230 1545 tacitus
1255 1506 1412 1555 quidem
1447 1506 1615 1544 dolebat.
1658 1532 1663 1538 -

334 1569 450 1610 Plane
471 1568 626 1608 videbat
646 1566 786 1615 Caesar,
813 1566 913 1605 hanc
940 1566 1014 1606 effe
1037 1568 1304 1607 conditionem
1322 1567 1560 1617 imperandi,
1578 1575 1623 1605 ut

337 1633 453 1672 armis
490 1631 659 1681 opprimi
688 1629 845 1679 quidem
877 1629 1122 1679 exscindique
1148 1630 1299 1680 quidvis
1333 1628 1477 1680 poffet3
1504 1629 1621 1668 bene-

336 1693 546 1735 volentiam
576 1706 655 1732 non
681 1693 747 1731 nisi
782 1692 977 1732 beneficiis
1003 1694 1228 1743 comparari.

394 1766 480 1806 XV.
511 1765 609 1815 Ergo
634 1763 724 1803 licet
752 1764 891 1802 invitus
924 1775 969 1801 eo
1005 1762 1181 1809 deflexit,
1209 1772 1250 1801 ut
1279 1762 1495 1802 senatorum
1521 1764 1624 1811 agris

340 1826 501 1867 omnino
521 1825 725 1865 abstineret
739 1855 751 1872 ,
774 1834 1030 1875 praetereaque
1053 1823 1246 1863 dotalibus
1265 1824 1466 1862 mulierum
1482 1855 1491 1869 ,
1515 1826 1549 1864 Sc
1570 1824 1621 1862 ad

341 1889 545 1929 levandam
571 1900 781 1939 pauperum
808 1887 979 1937 inopiam
1009 1885 1234 1935 relinqueret
1263 1888 1376 1925 etiam
1394 1917 1404 1933 ,
1433 1897 1623 1936 quotquot

342 1953 512 1992 minores
542 1960 648 1990 erant
672 1963 718 1989 eo
745 1950 884 1998 modo,
911 1951 975 1999 qui
1002 1948 1200 1998 promissus
1232 1949 1370 1988 viritim
1401 1949 1509 1987 militi
1542 1949 1623 1987 fue.>

343 2025 411 2057 rat.
436 2016 522 2055 Hoc
548 2014 746 2054 confilium
774 2026 840 2052 eos
864 2021 967 2052 certe
987 2012 1164 2058 induxit,
1187 2011 1324 2061 quibus
1353 2012 1554 2061 proderat,
1580 2018 1624 2048 ut

344 2076 540 2116 honestius
563 2077 612 2114 de
636 2076 778 2116 Caesare
807 2075 1015 2114 sentirent:
1048 2074 1111 2113 sed
1145 2084 1340 2114 veteranos
1379 2075 1627 2114 exacerbavit

346 2137 603 2185 immensum,
628 2150 671 2176 ea
692 2137 902 2187 cupiditate
932 2135 1135 2183 homines,
1165 2145 1206 2174 ut
1233 2136 1297 2174 sibi
1326 2136 1519 2174 ademtum
1547 2147 1625 2172 cre·

347 2204 500 2251 derent,
521 2203 707 2252 quidquid
732 2201 907 2251 cuiquam
940 2199 1224 2249 relinqueretur.
1256 2199 1347 2239 Inde
1374 2212 1502 2247 graves
1528 2199 1625 2249 saepe

347 2276 497 2311 motus,
524 2266 560 2303 ἃ
591 2264 631 2302 in
668 2262 790 2314 ipsum
819 2264 1013 2302 intentatae
1043 2261 1297 2311 periculorum
1333 2262 1454 2300 minse.
1492 2261 1625 2308 Certe,

349 2338 441 2366 cum
471 2327 511 2365 in
541 2325 692 2366 theatro
716 2326 877 2366 militem
914 2325 1011 2364 forte
1044 2324 1240 2364 sedentem
1267 2325 1307 2362 in
1334 2323 1624 2374 quatuordecim

408 2462 432 2505 §
455 2459 550 2497 xm.
572 2459 695 2506 Vellej.
722 2470 766 2502 2,
790 2470 845 2502 72.
869 2461 1009 2500 Sueten.
1036 2459 1069 2492 in
1101 2458 1229 2495 Neron.
1257 2468 1288 2491 c.
1313 2467 1344 2501 3.
1371 2456 1516 2501 Appiana
