1685 3042
268 201 358 248 174
423 185 520 232 JO.
557 181 1057 229 FREINSHEMII
1086 178 1473 226 SUPPLENL

267 307 349 331 vero
376 291 507 344 moleste
529 291 646 344 ftretzt
664 291 816 336 Patres,
844 289 937 341 satis
969 287 1133 340 cognito,
1162 289 1262 338 (non
1294 287 1384 324 enim
1412 296 1539 323 tentare

264 352 514 407 neglexerunt)
548 352 660 391 nullis
699 352 955 391 conditionibus
986 349 1127 402 perduci
1161 349 1210 385 ad
1251 349 1398 386 Brutum
1435 345 1557 400 postin-

265 419 409 456 Tirones
439 431 552 465 meos,
579 430 641 469 per
671 430 720 453 me
744 415 848 462 licet,
875 415 945 466 ipse
968 413 1071 450 etiam
1102 411 1244 449 habeas.
1281 411 1389 461 Quod
1394 411 1431 460 fi
1442 408 1540 460 sorte

263 481 373 519 nimia
395 480 541 532 senatus
576 478 764 517 reverentia
800 487 972 522 tenentur,
990 473 1110 524 finias
1142 473 1205 510 erit
1236 471 1394 522 relinqui.
1442 471 1540 509 Curae

266 542 356 579 enim
368 540 446 593 ficit
456 540 622 594 senatui,
639 551 677 576 ut
702 539 765 576 hos
788 538 925 573 baberet
947 536 983 571 in
1003 534 1178 586 potestate.
1200 533 1306 584 igitur
1330 532 1365 570 δ’
1383 530 1542 568 tribunos

266 603 419 656 delegit,
445 616 469 639 a
495 601 620 653 quibus
650 613 720 637 non
756 592 886 636 milites
915 598 1038 641 modo,
1062 595 1263 646 sedetiam
1296 607 1361 631 nos
1390 591 1546 644 consules

267 664 514 716 custodiremur.
553 664 637 700 Rem
660 661 766 711 igitur
794 656 936 708 majoris
964 656 1134 703 invidiae,
1160 670 1263 707 quam
1292 654 1484 699 utilitatis,
1510 651 1547 690 G·

268 739 349 765 ante
375 738 507 778 tempus
531 735 562 761 te
591 722 820 759 excitaturum
836 747 846 764 ,
868 717 979 753 omitti
994 715 1114 766 satius
1129 714 1251 765 fuerit.
1283 716 1390 765 igitur
1409 716 1459 752 ad
1479 716 1547 751 hos

267 790 402 842 quidem
437 785 657 838 accipiendos
683 780 866 819 Decimum
895 789 1067 814 evocavz:
1096 776 1163 827 fied
1200 776 1282 827 quia
1314 774 1461 811 nondum
1486 771 1547 809 illc

268 850 388 894 venit,
418 849 590 897 Torquato
615 839 767 894 quaestori
794 838 982 876 trademur.
1013 835 1107 874 Haec
1129 834 1252 882 fatus,
1276 835 1313 873 &
1330 845 1423 871 mox
1447 830 1550 870 exse-

270 913 403 949 cutus,
428 903 592 940 animam
620 901 773 942 efflavit.

323 963 475 1004 XXVI.
500 965 548 1003 At
570 964 788 1015 Torquatus
820 963 867 1001 de
886 960 1084 1001 voluntate
1102 959 1256 999 Patrum
1280 958 1412 1008 copias
1432 954 1553 996 Deci-

273 1041 340 1067 mO
371 1026 558 1065 adduxit:
583 1026 722 1062 funera
749 1025 951 1062 COusulutn
975 1037 1062 1064 cum
1079 1022 1290 1062 honorifica
1305 1033 1450 1072 pompa
1473 1018 1555 1058 Cae-

270 1089 328 1129 sar
351 1088 518 1127 Romam
542 1080 770 1124 transmifit:
802 1078 904 1127 iique
930 1078 970 1118 in
992 1094 1132 1134 campo
1153 1083 1294 1123 Martio
1314 1079 1469 1131 publica
1494 1078 1556 1119 seq

271 1150 426 1203 pultura
452 1147 631 1186 honorati
664 1143 775 1190 sunt,
797 1142 885 1191 quia
913 1152 982 1190 pro
1011 1145 1210 1188 republica
1237 1145 1464 1176 dimicantes
1493 1148 1554 1174 ce-

272 1213 458 1251 ciderant.
482 1208 601 1257 Cujus
624 1205 677 1244 rei
698 1202 822 1243 sensus
846 1201 959 1240 etiam
990 1199 1228 1248 abjectorum
1249 1198 1453 1236 hominum
1475 1196 1555 1234 ani-

274 1285 360 1314 mos
393 1272 445 1310 ita
472 1266 696 1321 pertentasse
717 1265 903 1310 traditur,
930 1272 994 1309 ut,
1026 1261 1084 1300 M.
1114 1260 1284 1299 Cornuto
1311 1268 1470 1310 praetore
1496 1270 1557 1296 ur-

275 1338 378 1376 bano
405 1334 521 1373 funus
541 1332 720 1377 locante,
747 1328 812 1378 qui
842 1336 937 1365 tunc
965 1323 1172 1364 Libitinam
1199 1321 1453 1368 exercebant,
1478 1332 1558 1370 gra-

273 1399 416 1438 tuitum
440 1392 690 1435 ministerium
720 1389 968 1441 praebuerint,
1009 1397 1262 1440 paratumque
1290 1384 1558 1434 exsequiarum

276 1457 534 1500 conduxerint
566 1453 731 1493 sestertio
773 1464 944 1490 nummo.
1001 1449 1175 1491 Militum
1214 1448 1332 1487 etiam
1368 1458 1558 1495 corpora,

275 1521 482 1574 pracsertim
504 1518 571 1568 qui
596 1528 645 1554 ex
668 1513 810 1554 Martia
838 1513 990 1564 legione
1016 1511 1259 1556 ceciderant,
1276 1505 1439 1558 publicis
1467 1516 1559 1555 ope-

278 1585 383 1625 ribus
411 1590 525 1632 atque
556 1577 800 1624 muneribus,
839 1577 875 1615 <Sc
906 1573 1110 1613 communi
1142 1569 1394 1612 exstructione
1420 1565 1560 1617 sepulti

275 1648 376 1689 sunt.

332 1706 500 1748 XXVII.
531 1705 599 1745 Per
623 1716 688 1743 eos
716 1701 797 1741 dies
826 1700 874 1740 de
907 1707 1029 1738 morte
1057 1694 1255 1737 consulum
1285 1693 1446 1745 suspicio
1476 1705 1561 1743 per-

279 1769 453 1814 crebuit,
473 1782 574 1820 opera
599 1764 744 1817 Caefizris
772 1763 926 1816 occisbs:
954 1761 1113 1800 Hirtium
1139 1759 1178 1796 in
1209 1758 1283 1795 acie
1313 1771 1374 1810 per
1392 1758 1479 1808 suos
1497 1755 1563 1792 mi—

282 1833 362 1870 lites
377 1860 388 1878 ,
408 1841 471 1868 aut
497 1829 605 1879 ipstus
635 1826 780 1879 Caesaris
805 1838 910 1863 manu
924 1838 940 1870 ,·
968 1823 1124 1874 Pansam
1145 1834 1207 1872 per
1237 1831 1402 1857 venenum
1426 1816 1565 1854 vulneri

280 1895 438 1949 affitsum.
475 1893 585 1932 Certe
616 1891 833 1940 Torquatus
862 1886 1075 1938 Glyconem
1110 1883 1306 1922 medicum
1334 1894 1380 1920 eo
1403 1881 1563 1919 nomine

282 1956 576 1997 custodiendum
599 1952 836 2003 aliquamdiu
863 1948 1032 1996 curavit,
1064 1954 1107 1986 ut
1135 1944 1378 1996 parricidam.
1407 1943 1482 1983 Sed
1505 1941 1566 1982 Μ.

284 2023 449 2067 Brutus,
483 2021 591 2068 cujus
629 2017 678 2056 ad
715 2016 942 2055 Ciceronem
983 2009 1138 2061 epistola
1172 2007 1311 2053 exstat,
1343 2008 1384 2045 in
1418 2004 1565 2044 tuenda

286 2083 428 2123 medici
452 2082 674 2122 innocentia
699 2079 815 2118 etiam
843 2075 994 2116 Caesaris
1016 2075 1155 2113 famam
1183 2072 1375 2120 fidemque
1403 2067 1567 2107 asseruit.

286 2145 398 2186 Certe
423 2142 645 2184 ambitiosos
669 2142 751 2180 haec
774 2139 937 2189 suspicio
963 2137 1108 2186 semper
1134 2134 1322 2184 sequitur,
1346 2141 1387 2170 ut
1413 2129 1565 2169 nullum

286 2207 331 2246 fit
344 2216 421 2245 tam
447 2206 588 2256 insigne
613 2214 727 2253 atque
751 2198 990 2240 exsecrabile
1010 2196 1128 2237 scelus
1143 2227 1153 2243 ,
1168 2195 1271 2246 quod
1301 2206 1367 2244 pro
1391 2193 1569 2231 domina-

283 2268 392 2308 tione
415 2268 550 2307 facturi
575 2280 654 2306 non
674 2265 958 2305 existimentur:
982 2273 1152 2301 ceterum
1181 2259 1296 2308 longe
1320 2256 1421 2296 abest
1436 2269 1458 2294 a
1479 2268 1569 2305 pru-

341 2397 363 2440 §
388 2397 496 2430 XXV.
520 2397 591 2429 Cic.
606 2396 692 2428 Phil.
709 2406 739 2426 n
759 2420 769 2435 ,
796 2404 845 2436 ¹3·
867 2392 1009 2435 Appian.
1034 2390 1055 2429 Ε
1078 2387 1205 2423 XXVI.
1229 2385 1371 2430 Appian.
1389 2383 1462 2415 Liv.
1477 2382 1570 2424 Epir.

297 2442 408 2486 venel
422 2466 432 2482 ι
447 2453 465 2476 2
478 2468 489 2485 ι
505 2442 561 2477 62.
576 2442 654 2479 Val-
671 2440 767 2475 Max·
791 2449 807 2482 5
823 2464 834 2480 ‚
853 2449 885 2472 2.
901 2437 974 2472 Cic.
997 2435 1083 2471 Phil.
1111 2446 1170 2476 ιιι,
1193 2443 1241 2467 12.
1265 2433 1403 2465 Sueten.
1421 2431 1455 2461 ln
1475 2428 1564 2469 Aug,

291 2498 323 2527 c,
348 2498 403 2523 m..
