1685 3042
328 179 424 242 326
488 179 579 227 JO.
614 174 1115 226 FREINSHEMII
1151 178 1516 230 SUPPLEM.'

327 285 518 337 integram
536 287 574 324 in
595 285 707 325 suum
731 286 937 326 adventum
961 285 1146 336 rejiceret.
1177 287 1371 326 Venerunt
1391 288 1504 339 igitur
1524 299 1612 326 cen-

330 354 416 386 tum
453 360 500 386 ex
532 347 764 398 primoribus
809 348 1058 389 Antiochiam
1088 363 1099 398 3
1135 360 1208 388 nec
1245 347 1350 388 aliud
1382 349 1615 397 effecerunt,

334 421 451 458 quam
470 418 513 448 ut
532 409 646 449 ambo
670 410 801 449 fratres
821 409 1018 449 tetrarchae
1044 411 1356 450 constituerentur
1369 442 1380 459 ‚
1398 411 1524 461 eisque
1545 409 1614 450 sub

332 470 507 521 Hyrcani
540 474 722 521 nomine,
753 475 862 522 cujus
893 475 973 521 jam
1002 472 1123 512 faetus
1150 473 1269 512 affinis
1302 482 1381 512 erat
1413 474 1613 522 Herodes,

332 531 485 572 summa
519 547 644 574 rerum
677 534 922 583 judaicarum
955 535 1247 584 permitteretur.
1291 536 1336 576 Id
1372 548 1463 575 cum
1500 548 1615 586 aeger·

335 596 434 634 rime
469 596 611 635 ferrent
641 595 904 643 accusatores,
939 607 989 634 ex
1025 608 1159 635 eorum
1199 610 1358 636 numero
1393 597 1618 647 quindecim

334 655 483 704 vinxit3
509 669 557 695 ne
586 656 801 702 occideret,
830 655 1006 697 Herodis,
1023 657 1200 706 precibus
1237 657 1419 697 tribuens.

391 717 502 758 XIII.
534 719 618 758 Nec
642 718 731 755 ideo
756 717 778 765 J
784 717 882 756 udaei
905 718 1152 767 quieverunt,
1190 719 1282 768 quin
1314 718 1380 765 alii
1412 718 1519 757 mille
1541 718 1619 770 Ty-

337 790 423 818 rum
451 778 801 828 proficiscerentur,
830 792 907 829 quo
936 779 1075 818 veniffe
1101 780 1311 819 Antonium
1339 772 1545 819 audierant.
1570 782 1620 819 At

337 839 404 879 ille
433 841 612 890 praefeeto
639 840 796 890 praefidii
823 842 1021 891 negotium
1049 842 1230 891 dederat,
1253 850 1295 880 ut
1316 844 1557 893 importunos
1583 843 1621 882 &

337 901 518 942 molestos
549 901 726 942 homines
747 902 999 945 ulcisceretur.
1039 905 1221 956 grande-m
1252 906 1354 945 enim
1389 919 1409 944 a
1442 905 1621 945 fratribus

337 962 526 1002 summam
565 972 789 1013 acceperat,
825 966 860 1003 &
895 974 974 1004 erat
1004 965 1044 1004 in
1077 965 1147 1005 hos
1179 966 1272 1005 olim
1306 967 1405 1007 bene
1435 966 1624 1014 affeetus,

338 1033 497 1074 propter
512 1022 742 1074 hospitium,
765 1025 870 1074 quod
887 1026 922 1063 ei
945 1039 1034 1065 cum
1054 1035 1161 1076 putre
1184 1039 1317 1067 eorum
1343 1028 1477 1070 fuerat.
1500 1028 1623 1078 Igitur

341 1083 540 1133 Herodes,
559 1097 696 1134 gnarus
718 1084 791 1131 rei,
815 1097 904 1124 cum
929 1097 1017 1125 ante
1037 1087 1172 1127 urbem
1193 1088 1463 1137 diversaretur,
1481 1089 1625 1139 prodiit

335 1144 623 1185 ‘accusatoribus
659 1144 732 1184 suis
769 1145 952 1195 obviam,
983 1149 1232 1199 monuitque,
1254 1151 1324 1201 fibi
1357 1161 1562 1202 parcerent:
1587 1150 1626 1201 fi

339 1210 429 1252 enim
444 1211 744 1261 progrederentur,
769 1211 897 1248 malum
917 1212 1112 1252 habituros.
1136 1215 1182 1252 At
1206 1212 1291 1261 illi,
1320 1222 1517 1252 contemto
1543 1213 1625 1252 He—

341 1272 437 1311 rode
454 1303 466 1319 ,
500 1283 588 1310 cum
618 1272 667 1310 ad
694 1272 828 1311 urbem
860 1274 1138 1323 procederent,
1166 1274 1302 1315 obvios
1329 1275 1543 1314 habuerunt
1563 1287 1624 1314 ar-

338 1342 494 1379 matos,
524 1346 545 1371 a
577 1333 712 1381 quibus
746 1334 938 1374 interfecti
968 1335 1053 1374 sunt
1091 1336 1296 1385 nonnulli,
1333 1337 1486 1377 sauciati
1520 1350 1624 1377 com-

341 1394 495 1446 plures:
525 1393 658 1443 reliqui
686 1395 855 1443 conjeeki
879 1396 918 1434 in
941 1396 1098 1446 fugam,
1124 1399 1245 1437 moesti
1273 1398 1449 1438 abierunt
1474 1400 1622 1439 domos.

341 1457 443 1498 Mox
473 1457 657 1495 Antonius
682 1469 747 1495 eos
772 1458 912 1505 etiam,
943 1472 1038 1509 quos
1063 1459 1232 1500 habebat
1254 1461 1294 1500 in
1319 1462 1479 1502 vinculis
1495 1494 1505 1511 ,
1521 1463 1625 1502 occi-

343 1519 427 1567 dit3
451 1521 651 1568 propterea
672 1519 776 1567 quod
793 1549 806 1565 ,
829 1535 852 1557 a
866 1521 967 1571 plebe
990 1520 1322 1573 Hierofhlymitana
1345 1525 1518 1563 Herodem
1543 1540 1625 1563 con-

341 1579 448 1619 viciis
476 1590 650 1630 exceptum
680 1578 764 1630 effi,
793 1589 1035 1630 cognoverat.
1071 1581 1218 1621 Interea
1247 1582 1403 1632 digressa
1439 1584 1479 1636 in
1512 1585 1628 1636 AEgy·

342 1652 454 1690 ptum
472 1638 698 1689 Cleopatra,
720 1639 776 1679 M.
791 1641 1000 1690 Antonius,
1023 1642 1184 1682 resumta
1208 1643 1396 1694 paulisper
1420 1645 1626 1695 imperato.

344 1702 394 1739 ris
430 1701 613 1752 persona,
648 1711 804 1752 propter
834 1702 1014 1752 Parthos,
1042 1704 1105 1754 qui
1136 1717 1333 1755 nunquam
1370 1705 1456 1745 satis
1485 1706 1628 1756 quieti,

342 1768 426 1801 tum
464 1761 624 1801 validius
666 1762 703 1801 se
739 1775 987 1803 commovere
1020 1766 1266 1814 dicebantur,
1297 1767 1440 1816 equites
1472 1767 1627 1818 Palmy·

345 1837 429 1864 ram
456 1826 576 1871 misit,
606 1826 739 1876 oppidi
769 1826 974 1878 diripiendi
999 1831 1143 1878 gratia,
1166 1828 1271 1880 quod
1288 1830 1418 1882 fintire
1437 1843 1511 1867 cum
1535 1831 1630 1868 Par-

346 1887 419 1926 this
446 1885 745 1927 insimulabatur.

399 1947 504 1989 XIV.
526 1949 599 1988 Sed
623 1947 862 1999 Palmyreni,
879 1950 1124 2001 corporibus,
1150 1962 1350 2002 rerumque
1372 1951 1522 1991 suarum
1546 1964 1628 2002 pre-

344 2010 566 2051 tiofioribus
589 2019 691 2049 trans
716 2011 948 2061 Euphratem
970 2012 1156 2061 trajectis,
1185 2013 1375 2063 equitibus
1396 2026 1514 2052 vacua
1539 2014 1629 2052 aedi-

345 2069 435 2109 ficia
462 2069 721 2122 reliquerunt:
745 2072 930 2123 dispositis
960 2087 1028 2123 pro
1052 2073 1131 2123 ripa
1153 2073 1370 2125 sagittariis,
1392 2089 1468 2125 quo
1489 2087 1628 2125 genere

345 2130 557 2181 plurimum
584 2131 739 2180 valent,
765 2134 970 2174 intercluso
1009 2135 1175 2176 transitu.
1217 2137 1292 2176 Hic
1322 2146 1479 2176 conatus
1507 2138 1630 2177 Anto·-

347 2193 429 2238 nii,
458 2196 493 2232 8„-
524 2202 772 2244 tyrannorum
789 2226 800 2244 ,
824 2210 918 2247 quos
940 2198 1080 2247 ubique
1101 2199 1320 2238 civitatibus
1345 2200 1542 2240 Romanus
1570 2209 1632 2238 ex-

346 2254 520 2305 pulerat,
549 2257 597 2295 ad
623 2258 778 2297 Parthos
803 2258 919 2310 fuga,
944 2260 1127 2311 simulque
1154 2261 1362 2311 gravissima
1387 2259 1538 2312 populis
1558 2260 1630 2298 im-

341 2315 465 2371 posita
498 2317 664 2368 tributa,
691 2333 872 2371 magnum
897 2323 1059 2362 attuliffe
1085 2332 1327 2363 momentum
1355 2331 1560 2374 putantur,
1586 2329 1626 2360 ut

391 2431 413 2472 ,ς
440 2431 514 2465 ΧΠ.
538 2432 674 2475 Joseph.
694 2435 799 2479 antiq.
824 2435 899 2471 Jud.
923 2448 982 2480 14,
1005 2447 1045 2472 22
1070 2437 1104 2473 δε
1129 2447 1183 2481 23.
1206 2437 1228 2482 S
1252 2437 1343 2472 xm.
1372 2438 1514 2482 Appian.
1537 2437 1619 2473 Dio,

345 2473 433 2511 Plut.
462 2476 494 2508 in
520 2476 647 2511 Anton.
674 2490 702 2512 c.
720 2481 775 2523 35.
