1685 3042
265 172 375 254 ‘242
445 181 1474 240 JO.FRE1NSHEM1181JPPLEM.

284 299 395 341 mille
428 297 637 348 quingenta
659 292 803 333 talenta
827 292 939 331 vistis
967 289 1180 340 imperavit.
1210 287 1264 327 Ea
1291 286 1456 338 pecunia
1481 297 1571 325 cum

282 362 422 404 acerbe
455 360 697 410 exigeretur,
731 353 956 401 Tarsenses,
986 352 1151 392 venditis
1186 349 1367 390 omnibus
1405 348 1572 400 publicis

281 425 598 476 templorumque
632 418 896 466 ornamentis,
933 429 1025 455 mox
1059 417 1176 454 etiam
1210 414 1376 465 ingenua
1410 422 1573 461 corpora

285 487 412 527 coacti
437 485 524 525 sunt
549 483 741 523 addicere.
771 480 958 530 multique
982 479 1122 517 horum
1144 476 1334 516 servitutis
1362 475 1478 513 taedio
1503 472 1572 511 fibi

282 548 553 589 consciverunt
583 555 760 584 mortem.
796 542 901 583 Huic
928 542 1093 580 fortunae
1109 539 1252 579 Caffius
1275 535 1574 588 superveniens,

281 612 461 654 misertus
493 610 545 649 est
573 607 777 646 hominum
793 636 807 652 ,
827 607 863 644 <Sc
885 603 1030 653 reliqua
1055 601 1201 640 civitati
1231 599 1481 639 condonavit.

339 673 506 716 XXVII.
537 672 632 711 Haec
653 669 721 708 ubi
745 668 880 708 Romae
911 666 997 704 sunt
1021 664 1177 711 audita,
1203 662 1392 710 Tresviri‚
1421 674 1470 700 ne
1493 660 1575 699 sua-

282 752 372 779 rum
404 737 573 787 partium
605 732 782 771 homines
807 729 1012 768 concidere
1037 727 1177 766 animis
1206 722 1573 775 paterentur,Tar-

281 800 451 841 sensibus
485 795 640 847 publice
674 792 930 840 collaudatis,
956 805 1093 844 operam
1124 791 1268 827 daturos
1304 786 1575 833 ostenderunt,

281 867 336 904 uti
357 865 485 903 cladem
503 875 614 899 eorum
630 859 699 912 fita
725 857 929 896 liberalitate
955 856 1097 907 ociffime
1116 854 1345 906 sublevarent.
1381 850 1506 890 Iidem
1538 850 1577 888 δι

286 924 534 974 Cleopatram
565 919 842 965 laudaverunt,
873 917 924 955 ob
963 914 1140 954 submiffa
1164 911 1376 953 Dolabellae
1409 909 1575 957 auxilia,

280 985 616 1039 permiseruntque
629 1012 640 1030 ‚
665 984 717 1021 uti
735 982 820 1033 filio
834 980 1038 1027 Ptolemaeo‚
1059 993 1179 1032 quem,
1200 990 1364 1030 tanquam
1384 991 1427 1014 ex
1444 972 1576 1025 Caefizre

274 1050 467 1100 fitsceptum
483 1075 496 1091 ,
516 1063 557 1083 ne
590 1046 661 1096 ἕλῃ-[ὸ
692 1046 823 1095 quidem
862 1042 989 1091 Caessare
1012 1041 1208 1090 prohibente
1223 1069 1236 1085 ,
1264 1038 1480 1088 Caefizrl'onem
1513 1049 1577 1072 vo-

221 1136 225 1141 ·
281 1123 360 1147 care
369 1107 504 1160 solebat
517 1135 528 1151 .,
557 1105 643 1158 regis
669 1104 829 1157 „AEgypti
850 1101 1112 1155 appellationem
1137 1101 1301 1138 tribueret.
1329 1096 1406 1137 Sub
1435 1095 1574 1135 eadem

280 1179 460 1219 tempora
497 1167 664 1207 Caffium
702 1177 879 1215 quoque,
908 1164 1117 1214 irrumpere
1149 1168 1348 1212 parantem
1378 1160 1419 1198 in
1453 1157 1576 1208 AEgy-

278 1241 422 1282 ptum,
453 1229 511 1269 M.
539 1227 645 1267 Bruti
677 1226 795 1265 literae
830 1235 1084 1270 revocarunt,
1119 1223 1383 1262 Triunmirorum
1422 1234 1580 1274 appara-

281 1308 356 1333 tum
376 1305 493 1332 contra
503 1291 543 1344 se
563 1290 598 1328 δ’
612 1290 752 1342 consilia
767 1288 1001 1326 nuntiantes.
1023 1288 1142 1339 Neque
1155 1301 1234 1324 vero
1247 1285 1286 1337 se
1303 1285 1472 1337 parandae
1486 1282 1584 1335 seor-

276 1358 347 1409 fim
365 1355 526 1408 potentiae
553 1354 657 1404 causa
671 1381 682 1399 ,
705 1351 770 1404 fid
791 1363 830 1389 ut
852 1362 968 1389 contra
994 1361 1164 1402 tyrannos
1199 1348 1377 1385 exercitum
1409 1344 1582 1384 contrahe·

282 1428 381 1462 tent,
405 1415 514 1453 Italia
538 1413 651 1451 mlift'a
677 1412 882 1465 longinquas
911 1411 1057 1463 regiones
1077 1407 1241 1462 pctivt‘ffe.
1277 1407 1447 1445 Memora-5
1478 1405 1584 1458 igitur

282 1479 473 1532 propositi,
497 1491 565 1515 non
599 1476 706 1514 debere
738 1475 874 1526 longius
901 1473 1042 1526 evagari
1064 1472 1108 1509 ab
1138 1470 1273 1516 ltalia,
1294 1469 1362 1521 sed
1386 1484 1424 1507 eo
1444 1482 1583 1507 conver-

284 1553 352 1580 tere
383 1539 607 1592 cogitationes
620 1568 634 1584 ‚
669 1537 947 1590 quemadmodum
980 1533 1103 1586 patriae
1137 1531 1328 1584 civibusque
1346 1530 1424 1582 fiiis
1455 1531 1583 1583 poffint

283 1602 346 1655 ff
364 1602 534 1654 praefidio.

347 1661 533 1705 XXVIII.
566 1660 686 1711 Igitur
717 1661 751 1699 ἃ
775 1657 934 1699 Parthos
963 1657 1134 1708 equites,
1170 1667 1336 1706 quorum
1361 1666 1476 1705 opera
1499 1660 1581 1693 erat

288 1725 376 1765 usus
393 1755 405 1773 ‚
427 1736 517 1762 cum
539 1723 675 1774 legatis
700 1724 735 1762 δε
764 1721 984 1760 muneribus
1016 1720 1157 1760 remisit
1177 1720 1227 1759 ad
1254 1731 1408 1769 regem,
1434 1719 1582 1766 majora

288 1786 401 1827 simul
422 1785 560 1825 auxilia
578 1795 735 1835 petens,
764 1797 846 1834 quae
874 1784 1032 1834 perditis
1057 1784 1215 1822 demum
1241 1780 1353 1820 rebus
1372 1778 1576 1819 affuerunt.

285 1849 450 1889 Interim
471 1848 634 1898 equites,
651 1860 671 1886 a
690 1846 812 1886 Caffio
829 1846 1003 1897 praemissi
1024 1846 1064 1884 in
1082 1844 1390 1896 Cappadociam,
1407 1842 1582 1882 Ariobar-

289 1923 452 1957 zanem,
480 1919 664 1960 tanquam
694 1908 954 1947 insidiatorem
981 1905 1218 1958 imperatoris
1243 1903 1298 1943 sui
1325 1905 1581 1951 occiderunt,

289 1985 507 2024 magnaque
533 1985 622 2012 cum
647 1973 811 2022 pecunia
829 1974 864 2011 ἃ
885 1982 1013 2010 cetero
1039 1973 1138 2021 regis
1162 1969 1411 2008 instrumento
1433 1968 1480 2006 ad
1497 1967 1583 2007 Cas.

289 2035 386 2075 sium
420 2034 553 2073 reversi
581 2032 679 2072 sunt.
710 2032 811 2072 Dum
840 2044 883 2071 ea
910 2040 1113 2083 geruntur,
1146 2030 1203 2071 M.
1232 2029 1369 2069 Brutus
1397 2027 1584 2067 mortibus

292 2107 356 2138 tot
385 2097 677 2137 clariffimorum
705 2096 902 2141 virorum,
934 2093 998 2133 sed
1026 2093 1217 2143 praecipue
1253 2090 1299 2130 D.
1326 2088 1429 2129 Bruti
1459 2091 1493 2128 ἃ
1523 2088 1582 2128 Μ.

290 2159 487 2201 Ciceronis
500 2190 512 2207 ‚
527 2158 711 2204 irritatus,
729 2157 777 2195 ad
796 2156 1067 2195 vindicandam
1083 2164 1164 2194 tum
1185 2152 1388 2205 propinqui
1404 2151 1458 2191 sui
1472 2182 1483 2200 ‚
1499 2161 1584 2191 tum

291 2222 508 2262 amicissimi
545 2221 615 2260 viri
656 2232 792 2258 necem
810 2249 821 2267 ,
843 2218 987 2270 scripsit
1017 2219 1065 2268 Q
1108 2217 1339 2264 Hortenfio,
1364 2225 1406 2255 ut
1436 2216 1478 2256 C.
1508 2217 1585 2254 An-

293 2286 473 2334 tonium,
506 2297 621 2335 quem
662 2283 848 2324 haetenus
885 2281 1031 2322 summa
1066 2293 1155 2320 cura
1187 2279 1433 2327 defenderat,
1466 2278 1584 2317 inter·

350 2413 373 2457 5
398 2413 523 2447 XXVI.
545 2414 689 2457 Appiam.
714 2411 793 2444 Dio.
817 2411 838 2456 ς
864 2409 1011 2447 XXVII.
1035 2410 1236 2446 Sueton.'in
1261 2409 1344 2446 Caes.
1376 2424 1405 2441 ι..
1427 2417 1478 2451 5²·
1504 2404 1587 2438 Dio.

300 2457 449 2503 Appian.
477 2458 567 2494 Plut.
595 2459 628 2495 'm
658 2458 753 2491 Brut.
776 2469 804 2492 c.
827 2466 882 2499 40.
