1685 3042
126 246 443 301 JO.FRE1NS.
457 246 612 295 SUPP.
627 243 694 292 IN
711 241 855 289 LOC.
874 243 922 288 L.
942 241 1110 288 CXIX.
1131 240 1243 287 LIV.
1298 241 1381 303 155

148 361 226 408 nit,
249 361 305 407 ξε,
327 356 491 412 perculsis
517 355 670 392 adventu
694 349 769 403 ejus
791 349 864 396 iis,
885 348 946 399 qui
970 347 1007 385 in
1033 362 1106 385 eum
1130 347 1245 399 iniqui
1267 357 1378 394 erant,

147 437 223 462 cum
248 435 362 461 annos
384 417 611 458 novemdecim
637 413 795 459 haberet,
818 410 942 463 consul
963 422 1096 447 creatus
1133 410 1187 461 est.

95 551 126 592 1.
155 505 234 590 P.
252 550 542 593 DOLABELLA,
559 557 648 584 cum
666 543 703 582 in
718 539 919 582 consulatu
937 539 1002 579 suo
1023 537 1167 589 Syriam
1183 535 1382 588 plebiscito

96 609 342 658 obtinuisset,
369 609 417 648 sic
435 606 594 647 instituit
619 617 729 655 agere
745 633 756 650 ,
772 611 955 653 tanquam
978 614 1058 640 non
1079 600 1128 639 ad
1154 612 1271 639 unam
1293 611 1389 648 pro-

95 674 262 712 vinciam
292 671 500 715 tuendam,
523 667 586 706 sed
609 666 660 705 ad
680 664 869 703 infinitam
889 661 1148 712 colligendam
1170 658 1386 709 potentiam

95 734 239 773 viribus
267 746 363 784 opus
390 732 559 770 haberet.
588 729 676 769 Erat
703 727 808 766 enim
840 728 936 765 inter
969 725 1075 765 hunc
1105 726 1141 764 δε
1171 721 1387 763 Antonium.

95 794 311 845 collegam,
342 793 437 832 sicut
463 803 554 829 mox
581 792 662 838 ejus
687 789 742 827 rei
771 796 874 826 certa
909 787 1053 825 indicia
1080 791 1311 835 eruperunt,
1335 781 1386 820 de

97 857 327 908 occupanda
356 853 620 894 dominatione
655 852 750 890 inita
779 851 916 902 paetio.
947 850 1095 889 Idcirco
1128 846 1237 887 fimul
1263 844 1389 885 Acha-

96 923 175 970 jam
201 919 355 969 attigit,
370 918 546 956 Veterem
565 913 763 955 Antistium
790 915 923 953 nadtus
938 944 949 962 ‚
968 918 985 965 (
1001 925 1113 963 quem
1142 909 1273 961 postea
1294 908 1388 947 Bru-

95 993 136 1020 to
156 979 343 1019 accessilse
362 977 558 1030 diximus)
577 977 780 1026 pecuniam
796 975 843 1014 ab
864 987 910 1014 eo
930 973 1124 1025 poposcit3
1143 972 1299 1017 deinde,
1317 982 1386 1020 per

96 1041 372 1083 Macedoniam
407 1048 522 1089 atque
555 1038 764 1078 Thraciam
803 1037 955 1087 agendo
986 1035 1146 1082 eadem,
1176 1032 1233 1073 M.
1268 1032 1387 1071 Oda-

95 1104 202 1144 vium
222 1101 393 1143 Marsum
422 1099 589 1150 legatum
607 1112 697 1138 cum
713 1112 788 1138 una
811 1099 965 1147 legione
980 1095 1156 1147 praemisit
1177 1095 1217 1132 in
1241 1093 1380 1133 Afiam.

151 1165 199 1205 ΙΙ.
230 1162 314 1214 Ipse
349 1162 492 1202 tardius
529 1160 748 1207 insecutus,
778 1159 896 1199 allato
930 1155 1285 1200 senatusconsulto,
1309 1165 1392 1203 quo

99 1225 221 1267 Caffio
249 1224 393 1276 Syriam
417 1223 465 1262 ab
495 1222 625 1261 senatu
654 1223 782 1262 datam
817 1220 1029 1273 cognovit,
1052 1219 1094 1258 C.
1121 1215 1389 1263 Trebonium,

97 1291 162 1342 qui
184 1298 266 1329 tum
292 1288 382 1328 Afiae
412 1294 597 1337 praeerat,
618 1284 737 1324 adiit:
774 1282 1073 1333 complexusque
1103 1280 1324 1325 hominem,
1347 1279 1387 1317 Sc

75 1374 77 1378 Α
97 1351 383 1392 familiarissime
404 1349 647 1395 collocutus,
669 1348 767 1385 adeo
790 1344 954 1392 fefellit,
972 1353 1013 1382 ut
1036 1340 1131 1381 nihil
1150 1354 1227 1380 non
1245 1341 1282 1379 in
1304 1343 1390 1387 ejus

96 1415 270 1454 amicitia
310 1411 585 1451 collocandum
625 1408 698 1448 effe
737 1407 958 1449 Trebonius
997 1406 1195 1451 crederet,
1241 1402 1389 1442 cibaria
1428 1397 1431 1400 ⁴

98 1476 284 1516 militibus
317 1476 399 1524 ejus
426 1473 553 1521 daret,
582 1484 670 1510 cum
701 1470 782 1522 ipso
813 1469 1039 1509 creberrime
1073 1470 1109 1507 «Sc
1144 1464 1386 1505 confidenter

96 1538 316 1578 versaretur.
351 1537 428 1577 Sed
452 1535 534 1575 haec
562 1544 691 1574 utrum
719 1547 765 1572 eo
793 1533 923 1572 animo
955 1533 1055 1573 faeta
1083 1532 1182 1579 sint,
1214 1543 1261 1569 an
1286 1541 1386 1568 vero

96 1609 141 1638 ut
172 1599 222 1639 ad
247 1598 421 1638 fraudem
451 1595 652 1636 Dolabella
686 1595 916 1642 illiceretur,
945 1596 1042 1632 inter
1073 1595 1274 1633 auctorum
1302 1590 1389 1630 dis-

98 1661 338 1709 senfionem‚
370 1667 477 1698 tanto
514 1658 596 1709 post
633 1667 837 1707 tempore,
872 1655 1030 1696 difficile
1071 1655 1286 1704 dijudicata
1317 1653 1384 1693 est.

99 1725 211 1764 Certe
236 1736 360 1774 neque
388 1722 580 1773 Pergami,
600 1733 723 1771 neque
737 1720 866 1770 postea
889 1720 1058 1770 Smyrnae
1083 1716 1288 1758 admissum
1310 1715 1388 1757 effe

98 1786 339 1832 Dolabellam
362 1786 547 1833 traditum
570 1785 695 1824 forum
722 1792 873 1823 tantum
902 1796 1027 1822 rerum
1056 1780 1275 1829 venalium,
1304 1770 1402 1820 tan-⁸

97 1847 382 1899 quam-consuli
416 1847 627 1894 videlicet}
659 1846 874 1897 praebitum.
905 1845 1075 1896 Ideoque
1103 1844 1301 1883 incensum
1329 1843 1387 1884 ira

97 1910 363 1958 Dolabellam,
389 1909 719 1960 oppugnationem
758 1908 915 1948 tentaffe
944 1908 1072 1947 ferunt
1107 1906 1269 1957 oppidi3
1298 1904 1388 1944 sub-

99 1983 329 2024 motumque
359 1973 543 2013 Trebonii
577 1971 786 2023 promissis,
809 1971 914 2019 fore,
943 1978 985 2008 ut
1017 1969 1150 2020 Ephesi
1189 1968 1385 2007 intromit-

100 2045 256 2075 teretur.

154 2099 224 2140 ΙΙΙ..
253 2099 390 2149 Neque
428 2104 558 2136 tamen
588 2096 826 2136 excusandus
862 2093 1063 2135 Dolabella
1087 2095 1163 2142 est,
1191 2101 1276 2134 utro
1307 2107 1391 2134 mo-

102 2160 153 2199 do
177 2172 236 2199 res
271 2159 475 2207 acciderit,
508 2158 584 2197 fide
613 2157 766 2198 violata.
800 2158 959 2208 Quippe
987 2156 1103 2195 millis
1137 2170 1157 2195 a
1189 2155 1396 2196 Trebonio>

101 2222 246 2271 copiis,
282 2234 364 2271 quae
395 2219 700 2271 proficiscentem
735 2218 926 2270 Ephesum
973 2218 1244 2268 sequerentur,
1271 2227 1390 2268 atque

101 2283 372 2331 observarent,
408 2283 557 2323 hostilia
581 2283 727 2334 agitans
761 2283 920 2331 animo,
947 2281 1195 2322 dissimulavit
1231 2281 1389 2329 omnia,

103 2346 229 2384 donec
259 2346 414 2385 minore·
441 2354 548 2397 parte
586 2348 626 2384 in
656 2345 836 2396 proximis
867 2344 961 2384 locis
994 2343 1148 2391 reneka,
1180 2344 1306 2394 plures
1335 2356 1396 2381 re-

102 2408 249 2448 vertisse
286 2410 489 2460 Smyrnam
529 2408 725 2461 cognovit.
763 2409 865 2449 Tum
903 2421 993 2448 vero
1026 2420 1170 2458 paucos
1207 2406 1293 2445 illos
1322 2418 1392 2456 per

150 2526 170 2569 ξ
197 2527 223 2558 1.
248 2526 330 2559 Dio.
358 2528 503 2571 Appiam..
528 2528 650 2577 Vellei.
673 2539 712 2565 2„
736 2526 788 2559 60.
820 2527 895 2560 Cic.
925 2527 1011 2560 Phil.
1040 2538 1072 2560 rr
1089 2552 1098 2567 ‚
1123 2535 1155 2560 2.
1186 2536 1244 2571 13,
1277 2536 1334 2570 19,
1356 2527 1393 2562 δί

103 2579 157 2613 ep.
185 2572 224 2604 ad
252 2572 345 2606 Brut.
369 2584 419 2606 ιι.
445 2573 467 2617 §
489 2573 531 2608 11.
555 2573 629 2608 Cic.
652 2573 731 2607 Dio,
754 2574 896 2616 Appian-

1081 2619 1163 2677 ¹23
