1685 3042
246 215 324 263 IN
360 215 531 262 LOC.
582 214 710 260 LIB.
756 213 937 260 CXXV
991 216 1132 262 LIV.
1244 231 1330 279 315

116 321 287 362 XXXV.
319 321 420 361 Dum
449 320 515 359 ista
542 319 692 358 diverfis
720 318 817 357 locis
844 327 1028 368 aguntur,
1052 321 1189 360 crebrae
1220 322 1337 360 Anto-

63 379 266 422 nianorum
307 382 526 432 eruptiones
562 380 670 419 fac‘tae
695 410 706 428 ‚
752 379 875 418 multo
913 382 1091 430 utrinque
1126 383 1340 434 sanguine,

64 444 158 482 dum
193 444 304 483 miles
336 443 492 483 Caesaris
524 441 723 482 miffilibus
751 441 901 492 potior,
931 440 1184 492 gladiatorum
1219 445 1344 484 auda-

62 505 121 545 cia
150 508 324 546 cominus
353 505 574 545 trucidatur.
615 505 742 546 Semel
775 505 889 544 etiam
923 507 1181 556 propinquum
1213 507 1344 546 discri-

63 580 151 606 men
179 568 384 617 imperator
408 567 532 615 adiit,
559 567 649 606 dum
686 568 786 606 circa
820 580 949 606 muros
982 566 1190 615 sacrificat,
1212 581 1344 618 repen-

61 630 142 668 tina
178 628 434 679 gladiatorum
474 629 674 679 eruptione
709 641 816 679 paene
851 628 1058 679 oppressus.
1110 630 1186 668 Sed
1214 642 1258 668 ea
1286 641 1345 668 res

60 691 243 731 fiduciam
262 692 381 743 magis
395 722 406 740 ,
423 705 536 743 quam
561 701 708 731 metum
725 723 738 739 ,
756 692 926 742 peperit,
950 704 998 730 ex
1022 690 1265 741 haruspicum
1288 704 1345 729 re-

63 753 212 804 sponso.
248 757 358 807 Quod
378 756 468 793 enim
496 754 652 807 infelicia
686 767 766 794 exta
801 766 902 807 rapta
930 755 976 791 ab
1007 753 1140 805 obseffis
1166 753 1342 805 fuerant,

63 821 206 866 cunbla,
228 833 302 872 quae
318 820 537 872 sacrificanti
560 819 669 871 tristia
689 818 895 857 denuntiata
917 816 1039 869 effint,
1056 818 1093 855 in
1117 831 1176 854 eos
1190 817 1347 869 recasura

65 880 320 930 dicebantur,
346 882 404 934 qui
423 893 507 919 exta
530 881 698 919 haberem.
729 880 815 928 Jam
842 879 957 918 etiam
984 879 1104 917 fames
1132 880 1172 917 in
1196 877 1344 928 oppido

63 941 138 981 effe
169 951 362 994 coeperat,
390 940 565 981 adversus
595 940 891 992 inexspetftatam
919 940 1156 979 obsidionem
1184 939 1344 978 minime

62 1004 217 1054 provifis
251 1005 382 1056 copiis.
420 1018 465 1044 eo
493 1004 615 1043 acrius
648 1003 757 1054 ipsa,
790 1017 872 1054 quae
898 1003 982 1042 Kal.
1004 1003 1202 1051 Januarias
1232 1010 1345 1040 ante-

63 1065 191 1115 ceffit,
218 1069 331 1106 noete
360 1075 504 1106 tentata
535 1067 684 1118 eruptio
712 1067 786 1115 est,
815 1068 850 1106 δι
875 1066 924 1105 ad
948 1074 1074 1116 portas
1102 1077 1259 1116 operum
1287 1063 1344 1102 vis

64 1128 187 1177 faeta,
208 1139 275 1179 ut,
290 1129 351 1169 his
377 1131 590 1180 perruptis,
612 1128 775 1177 auxilia,
794 1141 876 1179 quae
894 1127 1022 1167 multis
1045 1128 1139 1167 locis
1161 1127 1199 1165 se
1221 1126 1344 1164 osten-

65 1190 233 1238 debant,
253 1191 609 1231 intromitterentur.
633 1191 709 1231 Sed
726 1198 948 1229 accurrente
969 1188 1120 1239 legione
1135 1220 1144 1237 ‚
1165 1201 1279 1239 quam
1298 1189 1341 1227 in

62 1253 243 1302 proximo
271 1253 446 1293 statuerat
475 1252 613 1299 Caesar,
642 1251 801 1302 ipsoque
830 1263 917 1290 cum
951 1251 1178 1290 Praenestinis
1205 1249 1343 1288 cohor‘

64 1312 195 1362 tibus,
218 1315 302 1364 post
324 1314 530 1355 vehemens
557 1322 752 1353 certamen
781 1313 986 1352 Antoniani
1015 1311 1316 1351 retrocesserunt.

83 1392 86 1396 '
117 1383 308 1424 XXXVI.
341 1384 408 1423 Per
438 1383 592 1422 eosdem
625 1383 706 1421 dies
731 1383 848 1420 etiam
878 1381 1041 1421 Romam
1077 1381 1269 1431 affligente
1288 1379 1344 1417 fa-

64 1454 149 1491 me,
176 1456 264 1482 cum
292 1444 331 1482 in
356 1445 462 1484 usum
491 1443 581 1482 belli
611 1443 845 1482 frumentum
874 1450 1204 1493 comparceretur,
1234 1439 1344 1490 plebs

66 1505 223 1554 jejuna,
247 1507 286 1545 vi
311 1505 476 1545 effractis
497 1504 703 1552 domibus,
729 1505 834 1554 quod
862 1514 941 1543 erat
962 1505 1158 1542 inventum
1177 1502 1347 1551 diripuit.

66 1565 213 1604 Eodem
241 1579 341 1605 anno
378 1579 586 1616 magnum,
615 1567 671 1604 uti
712 1567 900 1614 diximus,
931 1566 1213 1605 incrementum
1256 1565 1346 1604 Sex.

68 1626 241 1677 Pompeji
278 1628 451 1678 potentia
480 1627 555 1667 hoe
585 1630 756 1668 maxime
788 1630 906 1668 modo
933 1630 1046 1679 cepit.
1082 1626 1223 1668 Caffius
1250 1626 1346 1665 Par-

67 1690 205 1730 menses
238 1691 412 1730 tribunus
439 1689 603 1729 militum
621 1721 631 1739 ,
655 1692 702 1731 ad
734 1691 969 1742 colligendas
996 1692 1177 1742 pecunias
1203 1690 1242 1728 in
1265 1689 1346 1729 Afia

69 1763 158 1790 cum
187 1753 355 1791 exercitu
390 1754 424 1791 ὃς
457 1752 568 1791 claffe
592 1752 742 1792 relietus
762 1784 773 1800 ⁷
815 1754 944 1792 audita
976 1760 1099 1792 morte
1135 1751 1269 1798 Caffii,
1296 1750 1345 1788 de

68 1814 184 1854 Bruto
210 1827 287 1853 non
322 1814 547 1863 desperans,
576 1815 728 1864 triginta
767 1814 1009 1854 Rhodiorum
1039 1815 1208 1853 triremes
1234 1811 1346 1851 dele-

72 1886 204 1928 gerat,
229 1890 320 1928 quas
346 1886 425 1917 erat
452 1876 697 1927 impleturus3
718 1878 853 1916 exustis
872 1877 1024 1927 reliquis
1046 1886 1178 1927 praeter
1202 1875 1347 1915 sacram

71 1940 275 1989 omnibus,
293 1953 341 1979 ne
360 1953 416 1979 res
439 1954 620 1980 renovare
655 1940 795 1980 Rhodii
825 1941 983 1992 poffent.
1010 1940 1106 1979 Cum
1130 1939 1191 1978 his
1217 1939 1346 1989 igitur,

75 2004 111 2042 ἃ
141 2015 232 2052 quas
268 2010 379 2041 antea
419 2002 623 2051 habuerat,
660 2005 838 2052 evetius,
873 2015 951 2055 nori
983 2011 1112 2041 tamen
1149 2013 1348 2040 occurrere

71 2074 162 2104 ante
184 2065 299 2103 finem
330 2065 434 2104 Bruti
464 2065 601 2115 potuit.
629 2064 777 2104 Interea
804 2066 838 2104 ὃς
865 2064 1041 2111 Clodius,
1067 2065 1129 2115 qui
1165 2063 1293 2102 missus
1321 2076 1345 2102 a

70 2126 186 2166 Bruto
214 2125 396 2166 Rhodum
426 2139 513 2166 cum
537 2126 697 2165 navibus
723 2127 908 2165 tredecim
933 2126 1078 2174 fuerat,
1104 2138 1193 2165 cum
1223 2126 1347 2165 rebel-

72 2187 216 2226 lantem
252 2186 414 2226 insulam
455 2187 675 2235 invenisset,
712 2187 852 2227 εάυᾶο
885 2187 976 2226 inde
1009 2188 1186 2227 Romano
1223 2187 1348 2237 praefi-

73 2251 161 2298 dio,
181 2251 286 2301 quod
312 2259 392 2290 erat
414 2251 528 2290 trium
564 2250 727 2290 millium
762 2257 1017 2300 armatorum,
1043 2251 1093 2290 ad
1119 2249 1284 2290 Caffium
1312 2249 1350 2289 se

76 2310 252 2351 contulit.

131 2375 342 2417 XXXVII.
373 2376 521 2417 Eodem
554 2378 589 2417 ἃ
618 2376 659 2417 P.
683 2374 860 2417 Turulius
885 2376 993 2417 venit
1015 2388 1104 2415 cum
1130 2374 1258 2414 multis
1280 2386 1349 2421 nat

123 2513 146 2558 5
170 2514 312 2551 XXXV.
337 2517 478 2550 Sueten.
496 2517 529 2549 in
556 2517 639 2562 Aug.
665 2517 810 2561 Appian.
835 2517 857 2562 §
879 2517 1035 2551 XXXVI.
1056 2516 1199 2561 Appiam
