<?xml version="1.0" encoding="UTF-8"?>
<!DOCTYPE html PUBLIC "-//W3C//DTD XHTML 1.0 Transitional//EN"
    "http://www.w3.org/TR/xhtml1/DTD/xhtml1-transitional.dtd">
<html xmlns="http://www.w3.org/1999/xhtml" xml:lang="en" lang="en">
 <head>
  <title>
</title>
<meta http-equiv="Content-Type" content="text/html;charset=utf-8" />
  <meta name='ocr-system' content='tesseract 3.04.00' />
  <meta name='ocr-capabilities' content='ocr_page ocr_carea ocr_par ocr_line ocrx_word'/>
</head>
<body>
  <div class='ocr_page' id='page_1' title='image "./historiarumlibri11livyuoft_0381.png"; bbox 0 0 1685 3042; ppageno 0'>
   <div class='ocr_carea' id='block_1_1' title="bbox 215 174 1315 248">
    <p class='ocr_par' dir='ltr' id='par_1_1' title="bbox 215 174 1315 248">
     <span class='ocr_line' id='line_1_1' title="bbox 215 174 1315 248; baseline -0.005 -13"><span class='ocrx_word' id='word_1_1' title='bbox 215 188 294 235; x_wconf 75' lang='grc' dir='ltr'>ῙΝ</span> <span class='ocrx_word' id='word_1_2' title='bbox 334 185 510 234; x_wconf 77' lang='lat' dir='ltr'>Loc.</span> <span class='ocrx_word' id='word_1_3' title='bbox 555 174 692 231; x_wconf 67' lang='grc' dir='ltr'>ΜΒ.</span> <span class='ocrx_word' id='word_1_4' title='bbox 742 181 964 229; x_wconf 75' lang='lat' dir='ltr'>cxxvn</span> <span class='ocrx_word' id='word_1_5' title='bbox 997 180 1149 230; x_wconf 73' lang='lat' dir='ltr'>mv.</span> <span class='ocrx_word' id='word_1_6' title='bbox 1226 187 1315 248; x_wconf 67' lang='lat'>365</span> 
     </span>
    </p>
   </div>
   <div class='ocr_carea' id='block_1_2' title="bbox 44 289 1339 2015">
    <p class='ocr_par' dir='ltr' id='par_1_2' title="bbox 47 289 1330 1088">
     <span class='ocr_line' id='line_1_2' title="bbox 51 289 1324 346; baseline -0.005 -10"><span class='ocrx_word' id='word_1_7' title='bbox 51 296 96 336; x_wconf 76' lang='lat' dir='ltr'>fit</span> <span class='ocrx_word' id='word_1_8' title='bbox 116 293 412 346; x_wconf 73' lang='lat' dir='ltr'>quaquaversum</span> <span class='ocrx_word' id='word_1_9' title='bbox 444 293 584 339; x_wconf 84' lang='lat' dir='ltr'>duces,</span> <span class='ocrx_word' id='word_1_10' title='bbox 609 289 792 329; x_wconf 81' lang='lat' dir='ltr'><strong>Furnium</strong></span> <span class='ocrx_word' id='word_1_11' title='bbox 823 289 978 338; x_wconf 87' lang='lat' dir='ltr'>quidem</span> <span class='ocrx_word' id='word_1_12' title='bbox 1003 289 1042 327; x_wconf 89' lang='lat' dir='ltr'>in</span> <span class='ocrx_word' id='word_1_13' title='bbox 1066 289 1255 338; x_wconf 81' lang='lat' dir='ltr'>Africam,</span> <span class='ocrx_word' id='word_1_14' title='bbox 1278 297 1324 329; x_wconf 69' lang='lat' dir='ltr'>ui:</span> 
     </span>
     <span class='ocr_line' id='line_1_3' title="bbox 47 352 1322 408; baseline -0.009 -10"><span class='ocrx_word' id='word_1_15' title='bbox 47 359 153 400; x_wconf 83' lang='lat' dir='ltr'>Sestii</span> <span class='ocrx_word' id='word_1_16' title='bbox 176 367 337 408; x_wconf 78' lang='lat' dir='ltr'>quatuor</span> <span class='ocrx_word' id='word_1_17' title='bbox 364 356 534 405; x_wconf 83' lang='lat' dir='ltr'>legiones</span> <span class='ocrx_word' id='word_1_18' title='bbox 554 353 782 392; x_wconf 84' lang='lat' dir='ltr'>abduceret:</span> <span class='ocrx_word' id='word_1_19' title='bbox 809 353 1011 403; x_wconf 88' lang='lat' dir='ltr'>(nondum</span> <span class='ocrx_word' id='word_1_20' title='bbox 1036 352 1136 390; x_wconf 87' lang='lat' dir='ltr'>enim</span> <span class='ocrx_word' id='word_1_21' title='bbox 1159 363 1322 402; x_wconf 70' lang='lat' dir='ltr'>occupa⁴</span> 
     </span>
     <span class='ocr_line' id='line_1_4' title="bbox 50 413 1327 470; baseline -0.009 -10"><span class='ocrx_word' id='word_1_22' title='bbox 50 429 108 460; x_wconf 83' lang='lat' dir='ltr'>tas</span> <span class='ocrx_word' id='word_1_23' title='bbox 134 433 154 458; x_wconf 90' lang='lat' dir='ltr'>a</span> <span class='ocrx_word' id='word_1_24' title='bbox 182 420 326 470; x_wconf 86' lang='lat' dir='ltr'>Lepido</span> <span class='ocrx_word' id='word_1_25' title='bbox 362 417 622 468; x_wconf 86' lang='lat' dir='ltr'>cognoverat)</span> <span class='ocrx_word' id='word_1_26' title='bbox 650 423 848 464; x_wconf 87' lang='lat' dir='ltr'>ceteraque</span> <span class='ocrx_word' id='word_1_27' title='bbox 872 413 937 451; x_wconf 89' lang='lat' dir='ltr'>suo</span> <span class='ocrx_word' id='word_1_28' title='bbox 965 413 1144 452; x_wconf 79' lang='lat' dir='ltr'>arbitratu</span> <span class='ocrx_word' id='word_1_29' title='bbox 1171 414 1327 453; x_wconf 73' lang='lat' dir='ltr'>ordina..</span> 
     </span>
     <span class='ocr_line' id='line_1_5' title="bbox 50 476 1329 531; baseline -0.005 -10"><span class='ocrx_word' id='word_1_30' title='bbox 50 484 108 522; x_wconf 88' lang='lat' dir='ltr'>vit</span> <span class='ocrx_word' id='word_1_31' title='bbox 125 482 264 520; x_wconf 84' lang='lat' dir='ltr'>omnia.</span> <span class='ocrx_word' id='word_1_32' title='bbox 294 481 434 531; x_wconf 83' lang='lat' dir='ltr'>quippe</span> <span class='ocrx_word' id='word_1_33' title='bbox 458 476 781 518; x_wconf 77' lang='lat' dir='ltr'>senatusconsulto</span> <span class='ocrx_word' id='word_1_34' title='bbox 809 484 962 514; x_wconf 84' lang='lat' dir='ltr'>cautum</span> <span class='ocrx_word' id='word_1_35' title='bbox 985 483 1088 522; x_wconf 83' lang='lat' dir='ltr'>erat,</span> <span class='ocrx_word' id='word_1_36' title='bbox 1109 488 1146 512; x_wconf 78' lang='lat' dir='ltr'>ut</span> <span class='ocrx_word' id='word_1_37' title='bbox 1166 491 1234 513; x_wconf 86' lang='lat' dir='ltr'>non</span> <span class='ocrx_word' id='word_1_38' title='bbox 1251 479 1329 514; x_wconf 56' lang='lat' dir='ltr'>aaa</span> 
     </span>
     <span class='ocr_line' id='line_1_6' title="bbox 49 535 1330 594; baseline -0.005 -13"><span class='ocrx_word' id='word_1_39' title='bbox 49 555 185 582; x_wconf 85' lang='lat' dir='ltr'>tantum</span> <span class='ocrx_word' id='word_1_40' title='bbox 207 543 305 593; x_wconf 81' lang='lat' dir='ltr'>ejus,</span> <span class='ocrx_word' id='word_1_41' title='bbox 324 543 390 594; x_wconf 51' lang='grc' dir='ltr'>ῥά</span> <span class='ocrx_word' id='word_1_42' title='bbox 416 543 519 579; x_wconf 81' lang='lat' dir='ltr'>etiam</span> <span class='ocrx_word' id='word_1_43' title='bbox 545 541 704 592; x_wconf 81' lang='lat' dir='ltr'>agenda,</span> <span class='ocrx_word' id='word_1_44' title='bbox 726 550 805 575; x_wconf 78' lang='lat' dir='ltr'>rata</span> <span class='ocrx_word' id='word_1_45' title='bbox 837 536 944 590; x_wconf 67' lang='lat' dir='ltr'>efflent.</span> <span class='ocrx_word' id='word_1_46' title='bbox 985 536 1104 587; x_wconf 82' lang='lat' dir='ltr'>Igitur</span> <span class='ocrx_word' id='word_1_47' title='bbox 1132 535 1238 574; x_wconf 83' lang='lat' dir='ltr'>fimul</span> <span class='ocrx_word' id='word_1_48' title='bbox 1263 549 1330 575; x_wconf 84' lang='lat' dir='ltr'>cu-</span> 
     </span>
     <span class='ocr_line' id='line_1_7' title="bbox 48 596 1330 654; baseline -0.005 -14"><span class='ocrx_word' id='word_1_49' title='bbox 48 602 199 654; x_wconf 78' lang='lat' dir='ltr'>piditati</span> <span class='ocrx_word' id='word_1_50' title='bbox 231 602 303 641; x_wconf 79' lang='lat' dir='ltr'>suae</span> <span class='ocrx_word' id='word_1_51' title='bbox 335 602 590 647; x_wconf 77' lang='lat' dir='ltr'>satisfaciens,</span> <span class='ocrx_word' id='word_1_52' title='bbox 613 599 719 639; x_wconf 81' lang='lat' dir='ltr'>fimul</span> <span class='ocrx_word' id='word_1_53' title='bbox 747 599 836 637; x_wconf 84' lang='lat' dir='ltr'>odio</span> <span class='ocrx_word' id='word_1_54' title='bbox 853 630 862 647; x_wconf 79' lang='lat'><em>,</em></span> <span class='ocrx_word' id='word_1_55' title='bbox 887 606 928 636; x_wconf 86' lang='lat' dir='ltr'>ut</span> <span class='ocrx_word' id='word_1_56' title='bbox 953 596 1180 636; x_wconf 82' lang='lat' dir='ltr'>debiliorem</span> <span class='ocrx_word' id='word_1_57' title='bbox 1209 597 1330 641; x_wconf 69' lang='lat' dir='ltr'>Pom-1</span> 
     </span>
     <span class='ocr_line' id='line_1_8' title="bbox 47 658 1330 714; baseline -0.006 -12"><span class='ocrx_word' id='word_1_58' title='bbox 47 666 138 714; x_wconf 87' lang='lat' dir='ltr'>pejo</span> <span class='ocrx_word' id='word_1_59' title='bbox 170 664 404 713; x_wconf 85' lang='lat' dir='ltr'>provinciam</span> <span class='ocrx_word' id='word_1_60' title='bbox 443 662 696 712; x_wconf 88' lang='lat' dir='ltr'>relinqueret,</span> <span class='ocrx_word' id='word_1_61' title='bbox 722 660 832 698; x_wconf 89' lang='lat' dir='ltr'>urbes</span> <span class='ocrx_word' id='word_1_62' title='bbox 853 659 1005 708; x_wconf 80' lang='lat' dir='ltr'>Achajae</span> <span class='ocrx_word' id='word_1_63' title='bbox 1035 658 1249 709; x_wconf 71' lang='lat' dir='ltr'>affligebat,</span> <span class='ocrx_word' id='word_1_64' title='bbox 1272 658 1330 696; x_wconf 80' lang='lat' dir='ltr'>in-</span> 
     </span>
     <span class='ocr_line' id='line_1_9' title="bbox 47 722 1330 777; baseline -0.007 -10"><span class='ocrx_word' id='word_1_65' title='bbox 47 734 106 767; x_wconf 83' lang='lat' dir='ltr'>ter</span> <span class='ocrx_word' id='word_1_66' title='bbox 134 726 206 767; x_wconf 83' lang='lat' dir='ltr'>alia</span> <span class='ocrx_word' id='word_1_67' title='bbox 230 729 404 767; x_wconf 78' lang='lat' dir='ltr'>Bacchum</span> <span class='ocrx_word' id='word_1_68' title='bbox 430 727 466 766; x_wconf 87' lang='lat' dir='ltr'>se</span> <span class='ocrx_word' id='word_1_69' title='bbox 488 725 710 777; x_wconf 79' lang='lat' dir='ltr'>appellans,</span> <span class='ocrx_word' id='word_1_70' title='bbox 740 733 853 774; x_wconf 83' lang='lat' dir='ltr'>atque</span> <span class='ocrx_word' id='word_1_71' title='bbox 871 724 923 761; x_wconf 83' lang='lat' dir='ltr'>ita</span> <span class='ocrx_word' id='word_1_72' title='bbox 943 723 981 775; x_wconf 71' lang='lat' dir='ltr'><em>fi</em></span> <span class='ocrx_word' id='word_1_73' title='bbox 1003 722 1170 775; x_wconf 79' lang='lat' dir='ltr'>appellari</span> <span class='ocrx_word' id='word_1_74' title='bbox 1196 738 1218 760; x_wconf 86' lang='lat' dir='ltr'>a</span> <span class='ocrx_word' id='word_1_75' title='bbox 1245 733 1330 759; x_wconf 81' lang='lat' dir='ltr'>cete-</span> 
     </span>
     <span class='ocr_line' id='line_1_10' title="bbox 48 785 1326 841; baseline -0.002 -13"><span class='ocrx_word' id='word_1_76' title='bbox 48 792 100 829; x_wconf 87' lang='lat' dir='ltr'>ris</span> <span class='ocrx_word' id='word_1_77' title='bbox 134 792 283 841; x_wconf 86' lang='lat' dir='ltr'>jubens.</span> <span class='ocrx_word' id='word_1_78' title='bbox 332 791 431 830; x_wconf 82' lang='lat' dir='ltr'>Nam</span> <span class='ocrx_word' id='word_1_79' title='bbox 465 789 650 829; x_wconf 79' lang='lat' dir='ltr'>aedificato</span> <span class='ocrx_word' id='word_1_80' title='bbox 687 785 914 834; x_wconf 80' lang='lat' dir='ltr'>coenaculo,</span> <span class='ocrx_word' id='word_1_81' title='bbox 949 786 1054 836; x_wconf 87' lang='lat' dir='ltr'>quod</span> <span class='ocrx_word' id='word_1_82' title='bbox 1100 793 1326 836; x_wconf 82' lang='lat' dir='ltr'>coopertum</span> 
     </span>
     <span class='ocr_line' id='line_1_11' title="bbox 49 846 1329 898; baseline -0.008 -6"><span class='ocrx_word' id='word_1_83' title='bbox 49 854 186 893; x_wconf 78' lang='lat' dir='ltr'>vitenti</span> <span class='ocrx_word' id='word_1_84' title='bbox 219 853 356 892; x_wconf 85' lang='lat' dir='ltr'>fronde</span> <span class='ocrx_word' id='word_1_85' title='bbox 381 852 522 892; x_wconf 87' lang='lat' dir='ltr'>Bacchi</span> <span class='ocrx_word' id='word_1_86' title='bbox 555 850 709 889; x_wconf 85' lang='lat' dir='ltr'>referret</span> <span class='ocrx_word' id='word_1_87' title='bbox 736 858 907 896; x_wconf 87' lang='lat' dir='ltr'>antrum,</span> <span class='ocrx_word' id='word_1_88' title='bbox 929 847 1118 898; x_wconf 80' lang='lat' dir='ltr'>tympanis</span> <span class='ocrx_word' id='word_1_89' title='bbox 1146 849 1182 887; x_wconf 72' lang='grc' dir='ltr'><strong>ἃ</strong></span> <span class='ocrx_word' id='word_1_90' title='bbox 1205 846 1329 885; x_wconf 80' lang='lat' dir='ltr'>nebri-</span> 
     </span>
     <span class='ocr_line' id='line_1_12' title="bbox 52 907 1329 962; baseline -0.005 -10"><span class='ocrx_word' id='word_1_91' title='bbox 52 913 164 952; x_wconf 83' lang='lat' dir='ltr'>dibus</span> <span class='ocrx_word' id='word_1_92' title='bbox 199 916 235 953; x_wconf 71' lang='grc' dir='ltr'>δε</span> <span class='ocrx_word' id='word_1_93' title='bbox 269 913 422 962; x_wconf 86' lang='lat' dir='ltr'>reliquis</span> <span class='ocrx_word' id='word_1_94' title='bbox 465 911 650 951; x_wconf 87' lang='lat' dir='ltr'>adhibitis</span> <span class='ocrx_word' id='word_1_95' title='bbox 684 910 876 960; x_wconf 80' lang='lat' dir='ltr'>orgiorum</span> <span class='ocrx_word' id='word_1_96' title='bbox 912 907 1194 955; x_wconf 77' lang='lat' dir='ltr'>instrumentis,</span> <span class='ocrx_word' id='word_1_97' title='bbox 1239 919 1329 946; x_wconf 87' lang='lat' dir='ltr'>cum</span> 
     </span>
     <span class='ocr_line' id='line_1_13' title="bbox 49 969 1329 1025; baseline -0.005 -11"><span class='ocrx_word' id='word_1_98' title='bbox 49 975 183 1015; x_wconf 80' lang='lat' dir='ltr'>amicis</span> <span class='ocrx_word' id='word_1_99' title='bbox 206 976 445 1025; x_wconf 79' lang='lat' dir='ltr'>perpotavit3</span> <span class='ocrx_word' id='word_1_100' title='bbox 477 972 772 1013; x_wconf 85' lang='lat' dir='ltr'>ministrantibus</span> <span class='ocrx_word' id='word_1_101' title='bbox 795 970 935 1011; x_wconf 76' lang='lat' dir='ltr'>Italicis</span> <span class='ocrx_word' id='word_1_102' title='bbox 965 969 1264 1018; x_wconf 78' lang='lat' dir='ltr'>acroamatibus,</span> <span class='ocrx_word' id='word_1_103' title='bbox 1290 971 1329 1008; x_wconf 71' lang='grc' dir='ltr'>δε</span> 
     </span>
     <span class='ocr_line' id='line_1_14' title="bbox 47 1032 1048 1088; baseline -0.006 -11"><span class='ocrx_word' id='word_1_104' title='bbox 47 1038 220 1077; x_wconf 77' lang='lat' dir='ltr'>universa</span> <span class='ocrx_word' id='word_1_105' title='bbox 251 1040 300 1077; x_wconf 89' lang='lat' dir='ltr'>ad</span> <span class='ocrx_word' id='word_1_106' title='bbox 327 1038 571 1088; x_wconf 65' lang='lat' dir='ltr'>spectandum</span> <span class='ocrx_word' id='word_1_107' title='bbox 607 1043 854 1074; x_wconf 83' lang='lat' dir='ltr'>concurrente</span> <span class='ocrx_word' id='word_1_108' title='bbox 894 1032 1048 1073; x_wconf 86' lang='lat' dir='ltr'>Graecia.</span> 
     </span>
    </p>

    <p class='ocr_par' dir='ltr' id='par_1_3' title="bbox 44 1092 1339 2015">
     <span class='ocr_line' id='line_1_15' title="bbox 103 1092 1325 1150; baseline -0.007 -10"><span class='ocrx_word' id='word_1_109' title='bbox 103 1100 219 1140; x_wconf 89' lang='lat' dir='ltr'>XLV.</span> <span class='ocrx_word' id='word_1_110' title='bbox 249 1100 358 1140; x_wconf 88' lang='lat' dir='ltr'>Idem</span> <span class='ocrx_word' id='word_1_111' title='bbox 377 1099 581 1150; x_wconf 83' lang='lat' dir='ltr'>aliquando</span> <span class='ocrx_word' id='word_1_112' title='bbox 612 1098 651 1135; x_wconf 91' lang='lat' dir='ltr'>in</span> <span class='ocrx_word' id='word_1_113' title='bbox 671 1109 798 1136; x_wconf 86' lang='lat' dir='ltr'>arcem</span> <span class='ocrx_word' id='word_1_114' title='bbox 827 1094 995 1133; x_wconf 85' lang='lat' dir='ltr'>ascendit</span> <span class='ocrx_word' id='word_1_115' title='bbox 1022 1092 1203 1139; x_wconf 83' lang='lat' dir='ltr'>Athenis,</span> <span class='ocrx_word' id='word_1_116' title='bbox 1225 1092 1325 1132; x_wconf 83' lang='lat' dir='ltr'>inter</span> 
     </span>
     <span class='ocr_line' id='line_1_16' title="bbox 48 1157 1329 1205; baseline -0.005 -4"><span class='ocrx_word' id='word_1_117' title='bbox 48 1160 194 1202; x_wconf 86' lang='lat' dir='ltr'>lumina</span> <span class='ocrx_word' id='word_1_118' title='bbox 223 1170 302 1201; x_wconf 84' lang='lat' dir='ltr'>tota</span> <span class='ocrx_word' id='word_1_119' title='bbox 339 1161 431 1200; x_wconf 87' lang='lat' dir='ltr'>urbe</span> <span class='ocrx_word' id='word_1_120' title='bbox 465 1161 673 1200; x_wconf 75' lang='lat' dir='ltr'>relucentia</span> <span class='ocrx_word' id='word_1_121' title='bbox 711 1160 758 1198; x_wconf 89' lang='lat' dir='ltr'>de</span> <span class='ocrx_word' id='word_1_122' title='bbox 782 1158 916 1196; x_wconf 58' lang='lat' dir='ltr'>tectis:</span> <span class='ocrx_word' id='word_1_123' title='bbox 949 1157 984 1195; x_wconf 83' lang='lat'>&amp;</span> <span class='ocrx_word' id='word_1_124' title='bbox 1005 1168 1052 1195; x_wconf 80' lang='lat' dir='ltr'>ex</span> <span class='ocrx_word' id='word_1_125' title='bbox 1083 1168 1128 1193; x_wconf 90' lang='lat' dir='ltr'>eo</span> <span class='ocrx_word' id='word_1_126' title='bbox 1155 1163 1329 1205; x_wconf 85' lang='lat' dir='ltr'>tempore</span> 
     </span>
     <span class='ocr_line' id='line_1_17' title="bbox 47 1216 1339 1275; baseline -0.008 -13"><span class='ocrx_word' id='word_1_127' title='bbox 47 1225 252 1274; x_wconf 82' lang='lat' dir='ltr'>praecepit,</span> <span class='ocrx_word' id='word_1_128' title='bbox 276 1224 328 1262; x_wconf 83' lang='lat' dir='ltr'>uti</span> <span class='ocrx_word' id='word_1_129' title='bbox 349 1239 412 1275; x_wconf 86' lang='lat' dir='ltr'>per</span> <span class='ocrx_word' id='word_1_130' title='bbox 433 1235 546 1261; x_wconf 71' lang='lat' dir='ltr'>omnes</span> <span class='ocrx_word' id='word_1_131' title='bbox 576 1222 736 1258; x_wconf 78' lang='lat' dir='ltr'>civitates</span> <span class='ocrx_word' id='word_1_132' title='bbox 764 1233 846 1256; x_wconf 75' lang='lat' dir='ltr'>voce</span> <span class='ocrx_word' id='word_1_133' title='bbox 866 1230 1056 1268; x_wconf 67' lang='lat' dir='ltr'>praeconum</span> <span class='ocrx_word' id='word_1_134' title='bbox 1087 1229 1201 1253; x_wconf 77' lang='lat' dir='ltr'>novus</span> <span class='ocrx_word' id='word_1_135' title='bbox 1231 1216 1339 1264; x_wconf 27' lang='lat' dir='ltr'>Bac-l</span> 
     </span>
     <span class='ocr_line' id='line_1_18' title="bbox 44 1276 1326 1335; baseline -0.008 -12"><span class='ocrx_word' id='word_1_136' title='bbox 44 1286 132 1323; x_wconf 77' lang='lat' dir='ltr'>chus</span> <span class='ocrx_word' id='word_1_137' title='bbox 146 1287 402 1325; x_wconf 74' lang='lat' dir='ltr'>acclamaretur.</span> <span class='ocrx_word' id='word_1_138' title='bbox 424 1286 496 1323; x_wconf 85' lang='lat' dir='ltr'>Sed</span> <span class='ocrx_word' id='word_1_139' title='bbox 519 1285 553 1322; x_wconf 53' lang='grc' dir='ltr'>ὅ*</span> <span class='ocrx_word' id='word_1_140' title='bbox 565 1281 692 1335; x_wconf 77' lang='lat' dir='ltr'>statuis</span> <span class='ocrx_word' id='word_1_141' title='bbox 709 1282 772 1319; x_wconf 82' lang='lat' dir='ltr'>hoc</span> <span class='ocrx_word' id='word_1_142' title='bbox 792 1278 960 1331; x_wconf 66' lang='lat' dir='ltr'>fizbscribi</span> <span class='ocrx_word' id='word_1_143' title='bbox 981 1291 1099 1315; x_wconf 84' lang='lat' dir='ltr'>nomen</span> <span class='ocrx_word' id='word_1_144' title='bbox 1120 1276 1246 1325; x_wconf 78' lang='lat' dir='ltr'>jussit,</span> <span class='ocrx_word' id='word_1_145' title='bbox 1261 1277 1326 1317; x_wconf 64' lang='lat' dir='ltr'>ha-</span> 
     </span>
     <span class='ocr_line' id='line_1_19' title="bbox 47 1337 1334 1399; baseline -0.008 -10"><span class='ocrx_word' id='word_1_146' title='bbox 47 1337 207 1399; x_wconf 80' lang='lat' dir='ltr'>bituque</span> <span class='ocrx_word' id='word_1_147' title='bbox 234 1351 268 1388; x_wconf 67' lang='grc' dir='ltr'>ὃ(</span> <span class='ocrx_word' id='word_1_148' title='bbox 291 1349 474 1387; x_wconf 77' lang='lat' dir='ltr'>comitatu</span> <span class='ocrx_word' id='word_1_149' title='bbox 501 1346 693 1386; x_wconf 85' lang='lat' dir='ltr'>Bacchum</span> <span class='ocrx_word' id='word_1_150' title='bbox 718 1342 917 1388; x_wconf 65' lang='lat' dir='ltr'>simulans,</span> <span class='ocrx_word' id='word_1_151' title='bbox 942 1340 989 1379; x_wconf 87' lang='lat' dir='ltr'>ab</span> <span class='ocrx_word' id='word_1_152' title='bbox 1015 1339 1300 1380; x_wconf 87' lang='lat' dir='ltr'>Athenienfibus</span> <span class='ocrx_word' id='word_1_153' title='bbox 1313 1354 1334 1388; x_wconf 65' lang='lat'>,&#39;</span> 
     </span>
     <span class='ocr_line' id='line_1_20' title="bbox 48 1400 1327 1460; baseline -0.006 -10"><span class='ocrx_word' id='word_1_154' title='bbox 48 1412 111 1460; x_wconf 90' lang='lat' dir='ltr'>qui</span> <span class='ocrx_word' id='word_1_155' title='bbox 135 1411 169 1449; x_wconf 90' lang='lat' dir='ltr'>ei</span> <span class='ocrx_word' id='word_1_156' title='bbox 190 1424 277 1450; x_wconf 86' lang='lat' dir='ltr'>cum</span> <span class='ocrx_word' id='word_1_157' title='bbox 302 1409 532 1459; x_wconf 88' lang='lat' dir='ltr'>conjugibus</span> <span class='ocrx_word' id='word_1_158' title='bbox 558 1410 593 1447; x_wconf 67' lang='grc' dir='ltr'>ὃς</span> <span class='ocrx_word' id='word_1_159' title='bbox 614 1406 740 1445; x_wconf 87' lang='lat' dir='ltr'>liberis</span> <span class='ocrx_word' id='word_1_160' title='bbox 771 1410 1032 1450; x_wconf 84' lang='lat' dir='ltr'>occurrerant,</span> <span class='ocrx_word' id='word_1_161' title='bbox 1067 1401 1120 1440; x_wconf 84' lang='lat' dir='ltr'>ita</span> <span class='ocrx_word' id='word_1_162' title='bbox 1143 1400 1327 1442; x_wconf 77' lang='lat' dir='ltr'>salutatus</span> 
     </span>
     <span class='ocr_line' id='line_1_21' title="bbox 45 1466 1325 1526; baseline -0.005 -15"><span class='ocrx_word' id='word_1_163' title='bbox 45 1472 110 1511; x_wconf 84' lang='lat' dir='ltr'>est.</span> <span class='ocrx_word' id='word_1_164' title='bbox 139 1472 386 1526; x_wconf 77' lang='lat' dir='ltr'>adjecerunt,</span> <span class='ocrx_word' id='word_1_165' title='bbox 410 1472 613 1523; x_wconf 72' lang='lat' dir='ltr'>despondere</span> <span class='ocrx_word' id='word_1_166' title='bbox 636 1471 675 1521; x_wconf 68' lang='lat' dir='ltr'>se</span> <span class='ocrx_word' id='word_1_167' title='bbox 701 1469 732 1506; x_wconf 85' lang='lat' dir='ltr'>ei</span> <span class='ocrx_word' id='word_1_168' title='bbox 754 1467 956 1505; x_wconf 78' lang='lat' dir='ltr'>Minervam</span> <span class='ocrx_word' id='word_1_169' title='bbox 975 1467 1090 1519; x_wconf 77' lang='lat' dir='ltr'><strong><em>fitam.</em></strong></span> <span class='ocrx_word' id='word_1_170' title='bbox 1118 1467 1153 1505; x_wconf 69' lang='grc' dir='ltr'>ἅ</span> <span class='ocrx_word' id='word_1_171' title='bbox 1175 1466 1325 1516; x_wconf 79' lang='lat' dir='ltr'>accepit</span> 
     </span>
     <span class='ocr_line' id='line_1_22' title="bbox 44 1527 1326 1579; baseline -0.005 -6"><span class='ocrx_word' id='word_1_172' title='bbox 44 1533 112 1573; x_wconf 84' lang='lat' dir='ltr'>ille</span> <span class='ocrx_word' id='word_1_173' title='bbox 135 1533 398 1573; x_wconf 87' lang='lat' dir='ltr'>conditionem</span> <span class='ocrx_word' id='word_1_174' title='bbox 415 1561 426 1579; x_wconf 80' lang='lat'>,</span> <span class='ocrx_word' id='word_1_175' title='bbox 451 1530 516 1569; x_wconf 86' lang='lat' dir='ltr'>sed</span> <span class='ocrx_word' id='word_1_176' title='bbox 543 1531 635 1568; x_wconf 84' lang='lat' dir='ltr'>mille</span> <span class='ocrx_word' id='word_1_177' title='bbox 664 1531 796 1568; x_wconf 78' lang='lat' dir='ltr'>talenta</span> <span class='ocrx_word' id='word_1_178' title='bbox 821 1528 955 1565; x_wconf 77' lang='lat' dir='ltr'>nomine</span> <span class='ocrx_word' id='word_1_179' title='bbox 988 1527 1082 1564; x_wconf 76' lang='lat' dir='ltr'>dotis</span> <span class='ocrx_word' id='word_1_180' title='bbox 1119 1527 1326 1576; x_wconf 86' lang='lat' dir='ltr'>imperans.</span> 
     </span>
     <span class='ocr_line' id='line_1_23' title="bbox 45 1589 1326 1645; baseline -0.005 -10"><span class='ocrx_word' id='word_1_181' title='bbox 45 1603 129 1635; x_wconf 89' lang='lat' dir='ltr'>tum</span> <span class='ocrx_word' id='word_1_182' title='bbox 155 1595 289 1645; x_wconf 85' lang='lat' dir='ltr'>aliquis</span> <span class='ocrx_word' id='word_1_183' title='bbox 316 1592 598 1634; x_wconf 72' lang='lat' dir='ltr'>Graeculorum:</span> <span class='ocrx_word' id='word_1_184' title='bbox 623 1604 660 1630; x_wconf 80' lang='lat' dir='ltr'>at</span> <span class='ocrx_word' id='word_1_185' title='bbox 692 1603 830 1629; x_wconf 77' lang='lat' dir='ltr'>matrem</span> <span class='ocrx_word' id='word_1_186' title='bbox 853 1602 949 1627; x_wconf 82' lang='lat' dir='ltr'>tuam</span> <span class='ocrx_word' id='word_1_187' title='bbox 975 1589 1150 1638; x_wconf 80' lang='lat' dir='ltr'>Semelen,</span> <span class='ocrx_word' id='word_1_188' title='bbox 1181 1589 1326 1639; x_wconf 87' lang='lat' dir='ltr'>inquit,</span> 
     </span>
     <span class='ocr_line' id='line_1_24' title="bbox 46 1651 1322 1710; baseline -0.005 -13"><span class='ocrx_word' id='word_1_189' title='bbox 46 1658 208 1710; x_wconf 75' lang='lat' dir='ltr'>Iuppiter</span> <span class='ocrx_word' id='word_1_190' title='bbox 235 1659 339 1695; x_wconf 82' lang='lat' dir='ltr'>duxit</span> <span class='ocrx_word' id='word_1_191' title='bbox 367 1658 569 1695; x_wconf 72' lang='lat' dir='ltr'>indotatam.</span> <span class='ocrx_word' id='word_1_192' title='bbox 611 1654 693 1694; x_wconf 87' lang='lat' dir='ltr'>Nec</span> <span class='ocrx_word' id='word_1_193' title='bbox 726 1653 813 1691; x_wconf 89' lang='lat' dir='ltr'>ideo</span> <span class='ocrx_word' id='word_1_194' title='bbox 838 1652 963 1690; x_wconf 86' lang='lat' dir='ltr'>minus</span> <span class='ocrx_word' id='word_1_195' title='bbox 992 1651 1123 1689; x_wconf 63' lang='lat' dir='ltr'>exana</span> <span class='ocrx_word' id='word_1_196' title='bbox 1156 1651 1322 1700; x_wconf 85' lang='lat' dir='ltr'>pecunia</span> 
     </span>
     <span class='ocr_line' id='line_1_25' title="bbox 46 1713 1322 1769; baseline -0.004 -11"><span class='ocrx_word' id='word_1_197' title='bbox 46 1719 123 1767; x_wconf 81' lang='lat' dir='ltr'>est3</span> <span class='ocrx_word' id='word_1_198' title='bbox 152 1719 319 1769; x_wconf 84' lang='lat' dir='ltr'>irrifique</span> <span class='ocrx_word' id='word_1_199' title='bbox 346 1721 381 1758; x_wconf 68' lang='grc' dir='ltr'>ἃ</span> <span class='ocrx_word' id='word_1_200' title='bbox 409 1717 520 1764; x_wconf 84' lang='lat' dir='ltr'>elufi,</span> <span class='ocrx_word' id='word_1_201' title='bbox 555 1717 619 1766; x_wconf 86' lang='lat' dir='ltr'>qui</span> <span class='ocrx_word' id='word_1_202' title='bbox 637 1714 848 1757; x_wconf 72' lang='lat' dir='ltr'>,stultitiam</span> <span class='ocrx_word' id='word_1_203' title='bbox 878 1713 1033 1753; x_wconf 85' lang='lat' dir='ltr'>Antonii</span> <span class='ocrx_word' id='word_1_204' title='bbox 1060 1726 1138 1752; x_wconf 90' lang='lat' dir='ltr'>non</span> <span class='ocrx_word' id='word_1_205' title='bbox 1172 1715 1322 1754; x_wconf 83' lang='lat' dir='ltr'>minore</span> 
     </span>
     <span class='ocr_line' id='line_1_26' title="bbox 46 1774 1321 1826; baseline -0.005 -7"><span class='ocrx_word' id='word_1_206' title='bbox 46 1780 242 1820; x_wconf 86' lang='lat' dir='ltr'>dementia</span> <span class='ocrx_word' id='word_1_207' title='bbox 265 1780 476 1819; x_wconf 86' lang='lat' dir='ltr'>deriserant.</span> <span class='ocrx_word' id='word_1_208' title='bbox 508 1778 600 1817; x_wconf 87' lang='lat' dir='ltr'>Inde</span> <span class='ocrx_word' id='word_1_209' title='bbox 622 1776 727 1816; x_wconf 88' lang='lat' dir='ltr'>verso</span> <span class='ocrx_word' id='word_1_210' title='bbox 744 1777 872 1815; x_wconf 86' lang='lat' dir='ltr'>favore</span> <span class='ocrx_word' id='word_1_211' title='bbox 892 1775 1058 1814; x_wconf 85' lang='lat' dir='ltr'>civitatis</span> <span class='ocrx_word' id='word_1_212' title='bbox 1072 1805 1082 1822; x_wconf 80' lang='grc'><em>,</em></span> <span class='ocrx_word' id='word_1_213' title='bbox 1104 1774 1210 1814; x_wconf 87' lang='lat' dir='ltr'>multi</span> <span class='ocrx_word' id='word_1_214' title='bbox 1229 1789 1321 1826; x_wconf 90' lang='lat' dir='ltr'>pro-</span> 
     </span>
     <span class='ocr_line' id='line_1_27' title="bbox 46 1836 1320 1893; baseline -0.005 -11"><span class='ocrx_word' id='word_1_215' title='bbox 46 1843 156 1893; x_wconf 73' lang='lat' dir='ltr'>positi</span> <span class='ocrx_word' id='word_1_216' title='bbox 176 1842 260 1881; x_wconf 84' lang='lat' dir='ltr'>sunt</span> <span class='ocrx_word' id='word_1_217' title='bbox 283 1841 403 1880; x_wconf 90' lang='lat' dir='ltr'>libelli</span> <span class='ocrx_word' id='word_1_218' title='bbox 425 1839 714 1887; x_wconf 84' lang='lat' dir='ltr'>contumelios1;</span> <span class='ocrx_word' id='word_1_219' title='bbox 744 1837 899 1889; x_wconf 87' lang='lat' dir='ltr'>quidam</span> <span class='ocrx_word' id='word_1_220' title='bbox 929 1839 962 1876; x_wconf 75' lang='lat' dir='ltr'>Sc</span> <span class='ocrx_word' id='word_1_221' title='bbox 989 1836 1056 1887; x_wconf 88' lang='lat' dir='ltr'>ipfi</span> <span class='ocrx_word' id='word_1_222' title='bbox 1081 1837 1231 1876; x_wconf 82' lang='lat' dir='ltr'>traditi:</span> <span class='ocrx_word' id='word_1_223' title='bbox 1254 1836 1320 1876; x_wconf 86' lang='lat' dir='ltr'>sed</span> 
     </span>
     <span class='ocr_line' id='line_1_28' title="bbox 49 1898 1322 1953; baseline -0.006 -10"><span class='ocrx_word' id='word_1_224' title='bbox 49 1906 86 1943; x_wconf 73' lang='grc' dir='ltr'>δι</span> <span class='ocrx_word' id='word_1_225' title='bbox 107 1904 231 1943; x_wconf 78' lang='lat' dir='ltr'>statuae</span> <span class='ocrx_word' id='word_1_226' title='bbox 256 1906 336 1953; x_wconf 86' lang='lat' dir='ltr'>ejus</span> <span class='ocrx_word' id='word_1_227' title='bbox 363 1903 569 1952; x_wconf 85' lang='lat' dir='ltr'>subscripta</span> <span class='ocrx_word' id='word_1_228' title='bbox 601 1902 756 1940; x_wconf 89' lang='lat' dir='ltr'>nomine</span> <span class='ocrx_word' id='word_1_229' title='bbox 785 1901 967 1940; x_wconf 83' lang='lat' dir='ltr'>Minervae</span> <span class='ocrx_word' id='word_1_230' title='bbox 1006 1902 1040 1938; x_wconf 74' lang='grc' dir='ltr'><strong>ἃ</strong></span> <span class='ocrx_word' id='word_1_231' title='bbox 1068 1898 1236 1938; x_wconf 64' lang='lat' dir='ltr'>Octaviae</span> <span class='ocrx_word' id='word_1_232' title='bbox 1262 1898 1322 1938; x_wconf 74' lang='lat' dir='ltr'>di.</span> 
     </span>
     <span class='ocr_line' id='line_1_29' title="bbox 46 1961 1154 2015; baseline -0.005 -12"><span class='ocrx_word' id='word_1_233' title='bbox 46 1965 161 2004; x_wconf 85' lang='lat' dir='ltr'>vortii</span> <span class='ocrx_word' id='word_1_234' title='bbox 188 1965 374 2013; x_wconf 85' lang='lat' dir='ltr'>formula,</span> <span class='ocrx_word' id='word_1_235' title='bbox 401 1979 454 2002; x_wconf 84' lang='lat' dir='ltr'>res</span> <span class='ocrx_word' id='word_1_236' title='bbox 479 1978 551 2002; x_wconf 86' lang='lat' dir='ltr'>eum</span> <span class='ocrx_word' id='word_1_237' title='bbox 571 1965 657 2015; x_wconf 83' lang='lat' dir='ltr'>suas</span> <span class='ocrx_word' id='word_1_238' title='bbox 679 1963 747 2013; x_wconf 74' lang='lat' dir='ltr'>fibi</span> <span class='ocrx_word' id='word_1_239' title='bbox 776 1962 895 2000; x_wconf 81' lang='lat' dir='ltr'>habere</span> <span class='ocrx_word' id='word_1_240' title='bbox 924 1961 1154 2010; x_wconf 83' lang='lat' dir='ltr'>jubentium.</span> 
     </span>
    </p>
   </div>
   <div class='ocr_carea' id='block_1_3' title="bbox 44 2031 1318 2270">
    <p class='ocr_par' dir='ltr' id='par_1_4' title="bbox 44 2031 1318 2270">
     <span class='ocr_line' id='line_1_30' title="bbox 113 2031 1318 2083; baseline -0.005 -7"><span class='ocrx_word' id='word_1_241' title='bbox 113 2036 252 2076; x_wconf 90' lang='lat' dir='ltr'>XLVI.</span> <span class='ocrx_word' id='word_1_242' title='bbox 284 2037 394 2076; x_wconf 88' lang='lat' dir='ltr'>Unde</span> <span class='ocrx_word' id='word_1_243' title='bbox 420 2048 468 2074; x_wconf 89' lang='lat' dir='ltr'>ne</span> <span class='ocrx_word' id='word_1_244' title='bbox 494 2043 647 2083; x_wconf 87' lang='lat' dir='ltr'>tempus</span> <span class='ocrx_word' id='word_1_245' title='bbox 676 2032 831 2082; x_wconf 88' lang='lat' dir='ltr'>quidem</span> <span class='ocrx_word' id='word_1_246' title='bbox 857 2032 905 2071; x_wconf 88' lang='lat' dir='ltr'>ad</span> <span class='ocrx_word' id='word_1_247' title='bbox 922 2032 1101 2081; x_wconf 86' lang='lat' dir='ltr'>pecunias</span> <span class='ocrx_word' id='word_1_248' title='bbox 1123 2031 1318 2081; x_wconf 78' lang='lat' dir='ltr'>cogendas</span> 
     </span>
     <span class='ocr_line' id='line_1_31' title="bbox 46 2092 1317 2143; baseline -0.006 -6"><span class='ocrx_word' id='word_1_249' title='bbox 46 2097 337 2138; x_wconf 73' lang='lat' dir='ltr'>Atheniensibus</span> <span class='ocrx_word' id='word_1_250' title='bbox 372 2097 461 2136; x_wconf 88' lang='lat' dir='ltr'>dare</span> <span class='ocrx_word' id='word_1_251' title='bbox 498 2096 641 2134; x_wconf 85' lang='lat' dir='ltr'>volenti</span> <span class='ocrx_word' id='word_1_252' title='bbox 676 2094 724 2143; x_wconf 79' lang='lat' dir='ltr'>Q</span> <span class='ocrx_word' id='word_1_253' title='bbox 751 2093 895 2133; x_wconf 87' lang='lat' dir='ltr'>Dellius</span> <span class='ocrx_word' id='word_1_254' title='bbox 932 2092 1060 2132; x_wconf 86' lang='lat' dir='ltr'>festive</span> <span class='ocrx_word' id='word_1_255' title='bbox 1099 2093 1223 2139; x_wconf 82' lang='lat' dir='ltr'>dixit,</span> <span class='ocrx_word' id='word_1_256' title='bbox 1260 2092 1317 2130; x_wconf 75' lang='lat' dir='ltr'>Et</span> 
     </span>
     <span class='ocr_line' id='line_1_32' title="bbox 46 2155 1316 2212; baseline -0.003 -14"><span class='ocrx_word' id='word_1_257' title='bbox 46 2171 159 2199; x_wconf 78' lang='lat' dir='ltr'>tamen</span> <span class='ocrx_word' id='word_1_258' title='bbox 178 2161 289 2212; x_wconf 70' lang='lat' dir='ltr'>stilo,</span> <span class='ocrx_word' id='word_1_259' title='bbox 316 2158 398 2196; x_wconf 81' lang='lat' dir='ltr'>illos</span> <span class='ocrx_word' id='word_1_260' title='bbox 425 2159 487 2195; x_wconf 85' lang='lat' dir='ltr'>tibi</span> <span class='ocrx_word' id='word_1_261' title='bbox 514 2171 633 2196; x_wconf 83' lang='lat' dir='ltr'>annua</span> <span class='ocrx_word' id='word_1_262' title='bbox 649 2157 741 2195; x_wconf 82' lang='lat' dir='ltr'>bima</span> <span class='ocrx_word' id='word_1_263' title='bbox 767 2157 868 2194; x_wconf 73' lang='lat' dir='ltr'>trima</span> <span class='ocrx_word' id='word_1_264' title='bbox 891 2155 946 2192; x_wconf 82' lang='lat' dir='ltr'>die</span> <span class='ocrx_word' id='word_1_265' title='bbox 973 2156 1111 2194; x_wconf 76' lang='lat' dir='ltr'>debere.-</span> <span class='ocrx_word' id='word_1_266' title='bbox 1130 2165 1316 2203; x_wconf 79' lang='lat' dir='ltr'>tanquam.</span> 
     </span>
     <span class='ocr_line' id='line_1_33' title="bbox 44 2214 1314 2270; baseline -0.006 -11"><span class='ocrx_word' id='word_1_267' title='bbox 44 2219 256 2259; x_wconf 80' lang='lat' dir='ltr'>secundum</span> <span class='ocrx_word' id='word_1_268' title='bbox 280 2218 382 2270; x_wconf 87' lang='lat' dir='ltr'>leges</span> <span class='ocrx_word' id='word_1_269' title='bbox 409 2219 601 2258; x_wconf 81' lang='lat' dir='ltr'>Romanas</span> <span class='ocrx_word' id='word_1_270' title='bbox 631 2217 700 2256; x_wconf 88' lang='lat' dir='ltr'>dos</span> <span class='ocrx_word' id='word_1_271' title='bbox 727 2224 930 2267; x_wconf 82' lang='lat' dir='ltr'>peteretur.</span> <span class='ocrx_word' id='word_1_272' title='bbox 970 2215 1073 2255; x_wconf 82' lang='lat' dir='ltr'>Inter</span> <span class='ocrx_word' id='word_1_273' title='bbox 1104 2214 1186 2254; x_wconf 84' lang='lat' dir='ltr'>haec</span> <span class='ocrx_word' id='word_1_274' title='bbox 1211 2226 1314 2253; x_wconf 81' lang='lat' dir='ltr'>exer-</span> 
     </span>
    </p>
   </div>
   <div class='ocr_carea' id='block_1_4' title="bbox 49 2334 1318 2478">
    <p class='ocr_par' dir='ltr' id='par_1_5' title="bbox 49 2334 1318 2478">
     <span class='ocr_line' id='line_1_34' title="bbox 94 2334 1318 2383; baseline -0.001 -14"><span class='ocrx_word' id='word_1_275' title='bbox 94 2339 116 2383; x_wconf 82' lang='lat'>§</span> <span class='ocrx_word' id='word_1_276' title='bbox 141 2338 261 2372; x_wconf 88' lang='lat' dir='ltr'>XLIV.</span> <span class='ocrx_word' id='word_1_277' title='bbox 287 2339 432 2383; x_wconf 79' lang='lat' dir='ltr'>Appian.</span> <span class='ocrx_word' id='word_1_278' title='bbox 455 2338 543 2370; x_wconf 85' lang='lat' dir='ltr'>Plut.</span> <span class='ocrx_word' id='word_1_279' title='bbox 565 2337 645 2371; x_wconf 81' lang='lat' dir='ltr'>Dio.</span> <span class='ocrx_word' id='word_1_280' title='bbox 668 2337 823 2370; x_wconf 83' lang='lat' dir='ltr'>Athenae.</span> <span class='ocrx_word' id='word_1_281' title='bbox 850 2349 912 2378; x_wconf 73' lang='lat'>¹4,</span> <span class='ocrx_word' id='word_1_282' title='bbox 937 2346 985 2370; x_wconf 81' lang='lat'>12.</span> <span class='ocrx_word' id='word_1_283' title='bbox 1012 2335 1152 2368; x_wconf 84' lang='lat' dir='ltr'>Sueton.</span> <span class='ocrx_word' id='word_1_284' title='bbox 1169 2334 1204 2366; x_wconf 87' lang='lat' dir='ltr'>in</span> <span class='ocrx_word' id='word_1_285' title='bbox 1226 2335 1318 2377; x_wconf 79' lang='lat' dir='ltr'>Aug·</span> 
     </span>
     <span class='ocr_line' id='line_1_35' title="bbox 49 2385 1314 2478; baseline -0.005 -53"><span class='ocrx_word' id='word_1_286' title='bbox 49 2391 220 2478; x_wconf 43' lang='grc' dir='ltr'>Σὲςτιιώἓῒ</span> <span class='ocrx_word' id='word_1_287' title='bbox 234 2391 341 2427; x_wconf 85' lang='lat' dir='ltr'><strong>XLV.</strong></span> <span class='ocrx_word' id='word_1_288' title='bbox 364 2389 487 2435; x_wconf 76' lang='lat' dir='ltr'>Vellei.</span> <span class='ocrx_word' id='word_1_289' title='bbox 516 2401 557 2434; x_wconf 84' lang='lat'>2,</span> <span class='ocrx_word' id='word_1_290' title='bbox 582 2390 637 2424; x_wconf 80' lang='lat'>82.</span> <span class='ocrx_word' id='word_1_291' title='bbox 663 2390 779 2424; x_wconf 84' lang='lat' dir='ltr'>Senec.</span> <span class='ocrx_word' id='word_1_292' title='bbox 802 2387 929 2423; x_wconf 80' lang='lat' dir='ltr'>suasor.</span> <span class='ocrx_word' id='word_1_293' title='bbox 958 2400 987 2422; x_wconf 83' lang='lat'>1.</span> <span class='ocrx_word' id='word_1_294' title='bbox 1015 2387 1171 2420; x_wconf 86' lang='lat' dir='ltr'>Gronov.</span> <span class='ocrx_word' id='word_1_295' title='bbox 1195 2386 1233 2418; x_wconf 83' lang='lat' dir='ltr'>in</span> <span class='ocrx_word' id='word_1_296' title='bbox 1254 2385 1314 2424; x_wconf 39' lang='lat' dir='ltr'>Se&amp;</span> 
     </span>
    </p>
   </div>
  </div>
 </body>
</html>
