1685 3042
263 233 342 280 1N
383 232 560 282 LOC.
606 231 744 277 Llss.
795 220 975 276 cxvii*
1006 233 1159 280 ων.
1281 244 1373 299 1431

83 341 139 379 cis
166 347 254 379 ante
281 340 437 386 diebus,
463 337 718 376 concionante
743 334 906 383 Caesare,
934 335 990 375 M.
1008 337 1218 378 Antonium
1242 340 1371 380 convi.

84 402 153 440 ciis
182 402 286 441 foede
313 400 587 452 prosciderant.
629 398 750 448 Igitur
775 410 863 436 cum
901 396 1103 448 splendido
1135 400 1221 441 satis
1250 403 1369 442 comi-

83 471 167 501 tatu
202 462 417 502 Ariminum
443 459 566 507 venit,
594 459 695 498 bona
728 471 816 496 cum
843 457 930 508 spe,
954 459 1056 508 fore,
1090 469 1132 499 ut
1161 462 1207 501 D.
1233 463 1369 504 Brutus

81 532 237 573 propter
261 529 426 561 veterem
453 520 685 568 amicitiam,
708 516 775 559 sed
798 522 920 570 magis
951 520 1042 560 odio
1077 530 1258 574 metuque
1289 524 1370 564 Cae⁵

80 584 195 632 saris,
224 584 463 634 provinciam
490 583 557 622 fibi
585 583 724 624 tradat.

138 646 234 687 LIV.
263 646 339 686 Sed
365 646 480 697 longe
509 646 583 685 alia
613 646 730 686 Bruto
765 657 872 684 mens
901 645 1010 686 fuit:
1041 660 1153 696 quem
1183 652 1368 690 exarmati

79 707 339 759 percussorum
372 722 485 748 nemo
512 709 750 759 patiebatur,
778 708 817 746 in
840 710 922 757 ejus
944 709 1064 759 copiis
1099 713 1268 751 maxima
1303 713 1370 764 spe

77 770 239 820 repofita
259 770 549 809 incolumitatis.
589 783 714 820 neque
741 783 828 808 vero
851 781 918 809 aut
936 770 1120 811 Caesarem
1146 775 1367 824 metuebat,

81 831 196 870 docte
233 831 471 870 simulantem
506 831 827 882 Pompejanarum
870 833 1034 882 partium
1078 835 1272 885 gratiam;
1302 847 1370 876 aut

76 895 260 934 credebat
290 897 484 943 Antonio,
514 909 638 946 «quem
677 906 832 946 propter
863 895 1053 934 infinitam
1088 897 1371 949 ambitionem,

77 956 274 1004 omnibus,
296 957 359 1005 qui
381 955 527 1006 aliquid
555 955 661 1006 poss'e
674 957 891 996 viderentur
907 988 919 1004 ,
947 957 1110 998 infidum
1135 970 1249 1010 atque
1273 961 1370 1000 obli-

78 1030 199 1068 quum
235 1016 309 1055 effe
344 1026 591 1066 cognoverat.
639 1019 688 1057 At
718 1019 874 1058 Caesaris
908 1020 1081 1060 animum
1111 1034 1250 1073 anceps
1283 1024 1372 1064 fati-

79 1080 195 1131 gabat
230 1078 481 1127 deliberatio,
519 1081 852 1129 quemadmodum
892 1082 1083 1122 utendum
1122 1085 1372 1134 praesentibus

78 1142 190 1181 foret.
227 1140 459 1181 Percussores
492 1141 673 1180 avunculi
709 1144 871 1191 oderat,
896 1145 1106 1184 Antonium
1135 1148 1367 1189 metuebat:

76 1213 191 1254 atque
224 1202 311 1242 illos
344 1202 463 1241 sciens
494 1204 546 1241 ita
585 1203 744 1242 viciffim
782 1216 869 1253 erga
909 1205 946 1243 se
973 1204 1156 1254 affectos,
1182 1208 1280 1259 saepe
1305 1223 1373 1249 an-

78 1266 260 1316 gebatur,
287 1277 335 1303 ne
355 1276 445 1303 cum
477 1264 648 1303 exercitu
676 1265 910 1316 progressum
937 1266 1053 1306 ambo
1082 1267 1191 1309 fimul
1222 1272 1368 1320 junctis

81 1326 204 1376 copiis
235 1325 471 1364 invaderent.

144 1386 219 1426 LV.
250 1386 326 1426 Sed
356 1387 541 1436 cognito,
576 1386 647 1426 hos
680 1388 778 1427 inter
815 1387 853 1428 se
890 1390 1110 1431 commissos
1142 1392 1216 1432 effe
1248 1393 1370 1443 serio,

75 1459 157 1486 non
176 1445 373 1496 dubitans,
394 1449 581 1486 acriorem
605 1461 652 1487 ex
668 1449 819 1488 duobus
842 1452 945 1501 prius
961 1454 1259 1503 opprimendum
1280 1455 1371 1504 effe,

76 1510 194 1550 Bruto
233 1508 421 1548 auxilium
459 1509 557 1549 ferre
596 1523 676 1549 non
715 1511 880 1560 distulit;
913 1514 1059 1554 sublato
1095 1517 1287 1557 Antonio,
1320 1517 1370 1558 ab

75 1574 160 1621 ejus
196 1572 353 1622 segnitie
395 1572 499 1611 haud
539 1572 700 1622 perinde
740 1582 926 1616 metuens.
976 1577 1058 1616 Nec
1099 1578 1201 1617 enim
1229 1591 1369 1618 conte-

76 1636 266 1675 mnendus
292 1644 371 1674 erat
399 1636 605 1686 imperator
637 1638 849 1686 Antonius,
880 1641 915 1678 &
952 1640 1094 1681 viribus
1128 1641 1233 1682 haud
1264 1644 1366 1695 sper-

78 1698 218 1738 nendis
257 1698 463 1737 nitebatur.
508 1699 644 1738 Praeter
676 1711 869 1740 recentem
902 1701 1117 1752 delectum,
1147 1715 1221 1744 tres
1250 1705 1369 1747 habe-

77 1760 143 1800 bat
157 1759 326 1810 legiones
346 1760 646 1808 Macedonicas3
674 1762 710 1800 Sc
730 1770 995 1803 veteranorum
1026 1779 1202 1815 manum,
1232 1767 1368 1808 senum

9 1846 16 1859 t
79 1821 259 1871 quidem,
279 1820 342 1859 sed
364 1821 402 1859 in
426 1821 564 1871 quibus
588 1820 707 1871 duplo
736 1822 822 1873 plus
850 1823 1019 1873 roboris,
1039 1839 1151 1876 quam
1177 1827 1216 1865 in
1238 1828 1369 1871 tironi-

77 1881 173 1930 bus,
199 1881 302 1921 effet.
338 1882 518 1922 Praeterea
550 1883 716 1934 Lepidus
746 1888 780 1924 ἃ
810 1886 955 1926 Asinius
988 1888 1027 1926 in
1063 1889 1278 1939 Hispaniis,
1302 1892 1367 1932 ille

76 1957 165 1983 cum
191 1953 375 1994 quatuor,
393 1945 514 1984 Pollio
536 1958 624 1984 cum
651 1946 796 1986 duabus
828 1948 1056 2000 legionibus,
1079 1952 1115 1991 &
1140 1964 1227 1992 cum
1248 1956 1370 1998 tribus

76 2007 118 2044 in
141 2005 321 2045 ulteriore
359 2006 480 2046 Gallia
512 2008 554 2048 L.
579 2008 765 2059 Plancus,
794 2009 900 2050 haud
925 2011 1040 2051 alieni
1072 2026 1093 2052 a
1120 2015 1288 2064 partibus
1313 2018 1365 2057 vi-

78 2068 281 2108 debantur.

132 2131 225 2170 LVI.
259 2129 379 2170 Caesar
399 2140 532 2181 praeter
559 2132 748 2173 Marciam
767 2135 803 2174 Sc
827 2135 1014 2185 Quartam
1039 2135 1226 2189 legiones,
1248 2155 1365 2181 unam

76 2190 245 2231 habebat
274 2191 442 2231 tironum
459 2222 471 2241 ,
489 2203 753 2235 veteranorum
780 2197 903 2245 duas,
920 2198 985 2238 sed
1014 2196 1206 2251 suppletas
1232 2216 1366 2243 exno-

75 2264 126 2291 νο
157 2252 318 2291 delectu.
360 2253 429 2292 His
458 2254 595 2294 Albam
633 2258 837 2297 convenire
871 2259 1001 2309 juffis,
1029 2261 1172 2301 senatui
1201 2262 1365 2315 scriplit‚

76 2312 192 2362 hujus
227 2314 487 2355 auctoritatem
523 2318 681 2357 maximi
713 2319 840 2358 facere
879 2320 1081 2371 fimulans3
1118 2323 1364 2375 delatumque

77 2375 124 2414 ab
154 2376 322 2414 exercitu
353 2375 566 2428 honorem,
598 2389 639 2420 ut
662 2394 730 2431 pro
761 2391 921 2432 praetore
951 2384 1153 2434 imperium
1182 2386 1363 2436 haberet,

78 2449 158 2475 non
177 2440 338 2488 accepit.
365 2440 439 2480 Sed
464 2453 553 2481 cum
580 2443 664 2482 duae
690 2443 883 2494 legiones,
908 2459 989 2496 quae
1019 2448 1066 2486 ab
1094 2449 1260 2487 Antonio
1288 2448 1364 2498 dis-⁴

124 2547 148 2594 5
174 2547 258 2585 Lm.
275 2551 418 2595 Appian.
442 2553 526 2590 Dio.
550 2555 573 2599 5
593 2555 679 2594 LIV,
699 2556 771 2592 cic.
788 2556 949 2596 familiar,
979 2571 1013 2595 ιι
1027 2584 1038 2601 ,
1057 2569 1088 2602 5.
1110 2559 1192 2597 Dio.
1211 2558 1323 2596 Tacita
