1685 3042
279 194 355 240 1N
395 193 560 240 roc.
609 193 941 241 L1B.CXIV
977 197 1122 246 Liv.
1295 217 1355 264 31*

67 298 159 347 dio,
188 313 254 350 fer
281 300 434 340 Caesaris
462 300 608 349 equites
644 300 692 339 ab
719 302 887 340 exercitu
916 301 983 341 suo
1021 304 1074 342 est
1100 305 1351 347 interclusus:

68 363 128 408 ἃ,
154 360 234 412 ipso
263 373 349 400 cum
379 361 557 401 Numidis
580 360 812 411 effugiente,
832 361 930 401 Galli
956 363 1231 415 Germanique,
1259 382 1355 418 quos

65 423 302 472 adduxerat,
333 414 417 473 post
445 434 572 462 acrem
598 436 767 473 pugnam
796 424 986 464 interfesti
1015 425 1110 465 sunt.
1138 428 1240 467 Hinc
1269 444 1354 479 pro-

63 485 154 535 pius
171 486 358 535 oppidum
375 485 568 537 progresso
590 485 733 524 Caesare
743 487 925 537 ‚Scipio,
946 500 995 527 ne
1016 487 1148 528 locum
1165 504 1353 541 opportu„

61 557 158 585 num
187 548 404 595 amitteret,
430 559 519 586 curn
554 547 732 586 instruero
767 549 959 594 exercitu,
990 549 1279 604 elephantisque
1310 555 1353 594 in

59 615 223 657 utroque
245 621 363 647 cornu
389 607 554 655 locatis,
583 608 689 647 haud
717 609 851 658 procul
888 611 999 651 Uzita
1023 612 1202 651 constitit.

117 667 214 708 XX.
247 668 387 716 Caesar,
416 668 518 718 quod
542 667 655 707 hostis
678 669 771 707 inde
793 682 873 707 non
905 669 1212 720 digrediebatur.,
1240 672 1354 710 mini-

61 741 127 769 me
159 731 487 769 committendum
517 739 642 778 ratus,
674 739 717 768 ut
745 744 832 770 cum
862 731 962 771 fessis
998 732 1186 772 militibus
1211 734 1352 774 eodem

55 799 233 842 tempore
269 796 305 832 &c
338 793 546 832 exercitum
587 792 775 841 hostium,
812 796 846 833 ‹S'c
882 794 1070 844 oppidum
1098 807 1186 834 cum
1217 795 1347 834 valido.

53 852 228 902 praefidio
263 853 519 892 Numidarum
549 847 811 903 oppugnaret,
840 852 926 893 suos
956 855 998 893 in
1031 855 1146 894 castra
1174 857 1343 895 reduxit.

55 914 107 953 At
137 914 359 961 Considius,
383 915 448 964 qui
484 914 643 954 Acillam
672 916 819 965 magnis
855 915 1037 965 operibus
1072 916 1343 967 oppugnabat„

56 975 233 1024 equestris
265 976 389 1024 proelii
414 976 571 1025 cognito
607 984 772 1024 eventu,
797 975 961 1015 discessit
987 977 1185 1026 protinus,
1220 980 1254 1017 ἃ
1280 990 1348 1028 pei:

48 1048 214 1085 regnum
240 1037 347 1084 Jubae
364 1038 565 1076 reductum
589 1039 800 1077 exercitum
829 1052 918 1078 cum
947 1040 1130 1089 Scipione
1152 1041 1313 1090 partitus
1331 1072 1345 1088 ,

47 1098 301 1138 Adrumetum
338 1099 467 1139 rediit.
495 1099 598 1138 Inter
623 1099 707 1139 haec
734 1109 814 1139 tam
842 1100 1021 1151 prospera
1052 1102 1173 1141 Caesar
1209 1112 1341 1142 tamen

48 1160 172 1209 parvis
199 1160 437 1198 detrimentis
472 1161 760 1210 ignominiaque
786 1162 1039 1210 carpebatur,
1064 1164 1168 1211 quod
1201 1176 1247 1202 ex
1280 1163 1344 1203 sea

53 1222 182 1261 cundo
214 1221 280 1261 suo
308 1221 492 1263 Sicilienfi
531 1230 750 1261 commeatu
781 1223 885 1261 navis
911 1237 932 1262 a
960 1224 1120 1274 Virgilio
1161 1226 1208 1264 ad
1234 1227 1341 1265 'sha-

48 1282 161 1334 psum
191 1293 304 1334 capta
320 1315 331 1333 ‚
354 1286 525 1335 itemque
551 1284 623 1324 alia
654 1286 704 1324 ad
732 1285 973 1336 AEgimurum
997 1298 1019 1324 a
1042 1285 1154 1325 classe
1190 1287 1227 1326 P.
1258 1289 1343 1327 Vari

53 1349 90 1386 ἃ
113 1348 171 1388 Μ.
201 1348 355 1388 Οξὶεινίἰ
388 1355 547 1398 excepta
572 1347 636 1387 est.

103 1409 218 1450 XXI.
250 1410 294 1449 In
322 1409 381 1449 his
411 1408 634 1460 deprehensi
659 1407 800 1449 milites
825 1420 913 1447 cum
937 1407 1093 1448 adducti
1119 1408 1168 1447 ad
1193 1407 1340 1458 Scipio-

48 1484 140 1511 nem
164 1472 304 1520 essent,
329 1480 442 1522 atque
467 1473 500 1510 is
527 1472 647 1510 vitam
680 1471 912 1509 concederet
937 1469 1006 1509 sub
1039 1470 1343 1521 conditione‚st

47 1535 198 1573 militare
230 1537 397 1588 adversus
439 1534 603 1587 Caefizrem
641 1535 791 1583 vellent,
827 1534 1001 1573 centurio
1035 1533 1197 1583 legionis
1229 1530 1341 1579 XIV,

47 1597 180 1647 gratiis
208 1599 298 1636 aeris
312 1628 322 1645 ‚
344 1595 531 1635 recusavit
551 1596 806 1645 beneficium3
827 1597 1083 1648 ferociterque
1108 1598 1252 1646 adjecit
1266 1627 1276 1644 ,
1298 1610 1337 1635 ιιι

47 1657 238 1710 intelligere
254 1659 376 1710 Scipio
393 1658 527 1711 poffir,
545 1671 663 1698 contra
683 1673 770 1712 quos
797 1659 895 1698 viros
910 1660 1109 1713 suscepiffit
1132 1661 1279 1708 bellum,
1294 1662 1337 1714 se

44 1733 121 1757 cum
141 1723 248 1759 decem
264 1721 435 1757 veteranis
444 1721 525 1773 suis
538 1750 548 1767 ‚
563 1734 637 1758 cum
660 1721 791 1758 cohorte
803 1750 815 1766 ‚
832 1735 934 1772 quam
948 1721 1069 1772 Scipio
1090 1721 1261 1774 delegiffkt
1287 1736 1334 1760 ex

43 1792 119 1832 toro
138 1781 311 1828 exercitu,
331 1793 577 1833 pugnaturum.
609 1781 668 1821 lbi
686 1782 816 1832 Scipio
839 1782 954 1821 iratus
979 1783 1113 1821 annuit
1137 1784 1337 1822 centurio-

43 1841 175 1889 nibus,
193 1850 236 1881 ut
252 1843 451 1881 confestim
469 1843 669 1882 hominem
687 1843 934 1882 trucidarent.
951 1854 1148 1882 veteranos
1172 1854 1333 1894 captos,

43 1904 180 1957 nefario
197 1905 324 1958 scelere
355 1906 631 1953 contaminatos,
657 1905 691 1942 δ’
713 1905 904 1959 saginatos
935 1907 1024 1944 ccede
1056 1907 1184 1945 civium
1212 1906 1337 1945 incre-

42 1979 152 2017 pans,
169 1976 275 2006 extra
292 1966 435 2006 vallum
453 1979 540 2006 cum
560 1967 729 2005 cruciatu
750 1967 873 2004 necari
893 1965 1006 2015 juffit.
1025 1966 1169 2005 tirones
1191 1967 1230 2005 in
1247 1967 1333 2007 suas

41 2025 213 2080 legiones
243 2029 458 2079 dispertitus
485 2029 547 2068 est.
569 2028 709 2069 Similis
727 2029 876 2068 animus
901 2027 1134 2078 eventusque
1162 2041 1229 2079 per
1249 2029 1332 2068 eos-

42 2092 132 2130 dem
153 2091 233 2129 dies
255 2090 430 2130 Petronio
468 2089 609 2130 Granio
641 2089 814 2140 quaestori
851 2089 1045 2139 designato
1074 2089 1169 2137 fuit,
1204 2091 1268 2140 qui
1293 2092 1331 2130 Sc

41 2152 134 2204 ipse,
150 2162 260 2204 capta
278 2154 382 2202 navi,
397 2152 566 2192 oblatam
581 2166 602 2192 a
617 2153 797 2202 Scipione
814 2151 973 2191 salutem
997 2151 1162 2202 respuit,
1179 2154 1331 2192 iucum-

41 2216 207 2267 bensque
234 2216 361 2268 gladio
378 2247 390 2264 ‚
417 2218 508 2256 hanc
522 2249 533 2266 ,
559 2218 614 2256 ait
627 2247 637 2266 ‚
655 2219 737 2255 dare
755 2217 898 2271 Caestm's
922 2217 1050 2255 milites
1063 2246 1075 2265 ‚
1095 2232 1165 2256 non
1180 2218 1327 2270 accipere

42 2281 261 2332 consuevtssse.

94 2342 226 2383 XXII.
259 2340 399 2390 Caesar,
419 2340 477 2381 his
500 2341 666 2389 auditis,
686 2352 777 2390 eos,
807 2353 904 2391 quos
927 2340 975 2379 ad
1002 2338 1198 2390 Thapsum
1230 2352 1323 2380 cum

88 2462 110 2506 ς
135 2461 226 2493 XIX.
250 2462 376 2494 Austor
399 2461 438 2493 de
475 2461 510 2496 B.
540 2461 645 2496 Afric.
667 2460 749 2495 Dio.
774 2460 798 2505 5
821 2459 912 2494 XXI.
942 2460 1086 2494 Sueten.
1120 2458 1154 2491 in
1180 2456 1266 2493 caef.
1293 2470 1326 2491 c.

38 2505 74 2542 6.
104 2506 229 2540 Austor
253 2508 294 2540 de
317 2508 352 2541 B.
377 2506 484 2552 Afric.
