1685 3042
254 225 348 258 212
417 209 514 256 JO.
552 205 1059 252 FREINSHEMII
1088 203 1474 251 SUPPLEM.

255 316 391 368 quieti,
418 331 460 353 ne
481 314 619 368 fimi-lia
647 323 859 367 pateremur.
903 313 1003 362 Ergo
1038 311 1153 350 etiam
1188 310 1271 360 post
1307 309 1544 350 centurionis

256 374 485 423 disceli'um,
509 375 549 414 in
581 375 742 414 multam
780 377 960 422 noctem,
989 387 1077 413 eum
1117 371 1250 412 relidto
1279 373 1424 411 tribuni
1451 384 1543 410 cor-

253 451 382 489 pore,
419 437 588 476 attonitis
627 439 663 477 &
703 437 917 475 fulminatis
956 435 1094 474 similes
1132 433 1405 473 accubuerunt.
1461 434 1566 473 Post.

249 498 360 538 hunc
390 499 579 539 Minutius
613 506 776 549 praetor,
812 497 910 536 inter
949 496 1127 535 habenda
1165 496 1349 544 comitia,
1382 497 1424 534 in
1455 495 1542 534 foro

247 560 400 599 occisus
427 560 504 609 est,
532 572 645 607 cum,
670 559 805 598 audito
832 556 1030 608 periculo,
1053 557 1094 595 in
1123 556 1322 596 tabernam
1347 557 1540 606 quandam

247 623 351 662 veste
383 631 528 662 mutata
561 620 816 670 confugisset
849 619 993 658 indicio
1028 619 1095 658 liet
1097 632 1206 658 orum
1240 619 1442 669 proditus,
1475 618 1542 669 qui

250 699 325 738 per
352 687 520 736 ineptam
554 685 733 735 pietatem
762 683 956 722 discedere
980 682 1269 721 cunctabantur.

308 747 446 787 LVIII.
476 746 638 785 Alterius
668 744 837 794 praetoris
861 744 903 783 L.
935 741 1044 781 Villii
1067 742 1222 782 Annalis
1238 772 1250 791 ,
1276 743 1444 792 itemque
1467 743 1541 781 viri

246 809 416 860 :praetorii
450 808 491 846 C.
518 807 676 847 Toranii
703 806 846 853 exitus,
883 817 955 844 nec
980 806 1057 844 sine
1088 805 1228 844 scelere
1254 804 1444 851 filiorum,
1467 816 1542 843 nec

244 873 329 912 :sine
356 869 507 909 sceleris
530 868 698 907 vindic‘ta
731 868 1027 906 commemorari
1052 867 1185 917 potest.
1213 864 1424 912 Annalem.
1445 865 1562 912 dum,

244 934 290 973 :in
318 934 507 982 Campum
545 944 632 969 cuin
662 930 741 969 filio
768 930 959 980 quaesturae
987 930 1196 968 candidato
1230 928 1451 976 descendit,
1477 941 1542 966 co-

243 995 361 1033 :mites
389 1003 546 1043 repente
577 991 843 1039 deseruerant,
879 991 1131 1042 proscriptum
1162 990 1374 1030 audientes,
1422 989 1542 1028 Idcir-

241 1068 296 1094 co
334 1056 382 1094 ad
408 1055 561 1094 clientis
591 1053 666 1093 vile
691 1056 835 1093 tectum
856 1054 895 1092 in
926 1053 1108 1093 suburbio
1141 1052 1374 1102 confugiens
1404 1051 1540 1090 servari

240 1111 452 1165 potuissem
488 1111 553 1149 nisi
580 1111 748 1149 nefarius
781 1110 957 1158 juvenis,
980 1121 1061 1148 rem
1080 1107 1312 1159 suspicatus,
1341 1121 1388 1147 eo
1412 1108 1542 1147 dedu-

241 1175 361 1217 Xiss'et
385 1173 537 1213 milites.
561 1169 688 1222 Atque
710 1172 740 1210 is
769 1173 900 1210 3υᾶοῑ
926 1170 1188 1221 speetatorque
1211 1180 1377 1221 paternae
1405 1171 1541 1217 necis,

241 1250 340 1277 cum
359 1235 665 1277 Triumvirorum
684 1233 801 1283 impia
828 1232 1056 1272 liberalitate
1077 1241 1236 1282 paterna
1263 1232 1388 1279 bona,
1413 1230 1546 1270 simul-

246 1311 324 1348 que
352 1295 575 1336 aedilitatem
605 1293 851 1342 obtinuisset,
880 1295 972 1332 vino
995 1293 1176 1341 obrutus,
1203 1293 1250 1332 ab
1276 1291 1411 1331 iisdem
1436 1291 1540 1331 mili-

241 1359 372 1405 tibus,
403 1357 467 1407 qui
494 1364 640 1406 patrem
667 1354 914 1399 occiderant,
943 1363 1026 1392 orto
1049 1355 1200 1404 jurgio,
1220 1353 1441 1392 interfectus
1471 1353 1538 1392 est.

319 1421 424 1460 LIX.
452 1419 494 1458 C.
519 1418 682 1458 Toraniiv
704 1416 868 1455 latebras
883 1445 894 1462 ,
914 1424 1066 1454 aetatem
1084 1445 1095 1462 ,
1119 1414 1303 1465 notasque
1336 1416 1508 1465 corporis
1524 1445 1539 1462 ,

245 1483 387 1533 quibus
411 1480 566 1531 agnosci
590 1478 738 1529 posset,
764 1476 994 1517 detestabilis
1020 1477 1118 1515 filius
1142 1476 1430 1515 centurionibus
1457 1478 1537 1516 edi-

245 1546 317 1584 dit.
359 1558 380 1582 a
405 1543 542 1593 quibus
571 1550 742 1590 repertus
777 1539 891 1578 senex
923 1540 1100 1577 inducias
1134 1539 1275 1588 petiit,
1300 1541 1407 1576 donec
1432 1540 1540 1588 filius

248 1608 295 1645 ab
319 1606 484 1645 Antonio
498 1633 510 1649 ‚
537 1603 646 1650 cujus
665 1600 813 1639 secutus
840 1610 965 1650 partes
986 1600 1109 1638 fuerat
1127 1629 1138 1647 ,
1160 1600 1300 1650 aliquid
1322 1599 1542 1651 impetr‘affiet.

244 1668 322 1708 Cui
355 1667 520 1706 ridentes
559 1663 641 1711 illi,
675 1664 901 1714 impetravit,
939 1661 1142 1713 inquiunt,
1164 1661 1232 1712 sed
1258 1672 1394 1698 mortem
1427 1672 1537 1699 tuam.

247 1733 340 1772 Hoc
373 1729 530 1775 audito,
556 1727 696 1765 iterum
730 1725 841 1775 petiit
874 1724 1096 1774 breviffimum
1122 1723 1306 1776 spatium,
1340 1721 1539 1772 filiamque

244 1795 414 1832 ‘accitam
449 1790 626 1835 monuit,
655 1788 833 1840 abstineret
874 1787 1060 1824 hereditate
1086 1798 1258 1837 paterna,
1283 1800 1370 1823 neve
1399 1786 1538 1836 caufizm

241 1855 406 1909 praeberet
433 1852 574 1904 fratri,
605 1862 742 1888 mortem
775 1849 879 1886 etiam
919 1847 1021 1885 illius
1047 1849 1092 1885 ab
1121 1847 1283 1888 Antonio
1315 1848 1536 1900 impetrandi.

245 1919 373 1966 Atque
399 1917 429 1953 is
455 1914 582 1964 postea
604 1912 726 1959 filius,
751 1910 964 1961 dilapidato
988 1910 1241 1960 patrimonio,
1262 1910 1353 1949 furti
1380 1910 1538 1948 damna-

244 1989 336 2026 tus,
371 1977 494 2016 solum
532 1976 657 2014 vertit.
704 1974 855 2014 Horum
888 1973 1071 2012 mortibus
1101 1973 1321 2012 admonitus
1353 1972 1390 2012 P.
1418 1971 1538 2020 Rupi-

245 2041 323 2081 lius
352 2041 456 2087 Rex,
481 2039 545 2089 qui
571 2046 652 2076 tum
677 2046 879 2086 praeturam
912 2034 1093 2085 gerebat,
1117 2043 1265 2074 matura
1289 2036 1381 2084 fuga
1411 2033 1449 2071 in
1474 2032 1532 2072 M.

246 2105 356 2145 Bruti
379 2104 492 2142 castra
515 2101 551 2140 sc
575 2099 750 2139 contulit.

313 2168 396 2208 LX.
424 2167 499 2207 Sed
522 2166 584 2204 vix
607 2164 760 2204 alterius
776 2194 786 2211 ,
811 2177 924 2213 quam
948 2163 1170 2212 Ciceronis,
1201 2163 1323 2202 satum
1347 2172 1534 2204 annotatu

248 2232 406 2281 dignius
431 2229 514 2268 fuit.
565 2227 794 2276 Proscriptus
832 2225 895 2264 ille
925 2239 1013 2264 cuni
1053 2226 1155 2272 filio,
1188 2226 1325 2273 fratre,
1354 2224 1432 2263 filio
1463 2224 1536 2264 fra,

245 2292 316 2331 tris
332 2321 342 2339 ,
368 2293 402 2330 ἃ
432 2289 565 2328 amicis
589 2298 701 2338 atque
726 2286 974 2326 familiaribus
998 2287 1204 2334 omnibus,
1236 2300 1303 2337 pro
1329 2297 1430 2326 certo
1461 2287 1535 2326 ha-

245 2353 345 2395 bens
372 2353 441 2400 id,
473 2351 577 2402 quod
611 2360 715 2396 erat,
740 2362 818 2388 non
851 2351 971 2399 magis
1002 2350 1172 2390 Antonio
1201 2349 1296 2400 eripi
1325 2348 1384 2398 se,
1419 2362 1535 2399 quam

302 2477 322 2513 Ε
350 2475 693 2509 LVI11.V;11.Max
718 2485 758 2515 ι)
780 2471 1534 2532 i=.Appian.§L1x.Va,1.MmAppian.

252 2522 374 2560 Horat.
397 2521 493 2559 serm.
519 2531 592 2567 1,··
578 2545 586 2565 Ι
608 2547 618 2564 ,
637 2520 669 2554 ἃ.
693 2521 765 2556 ὼι
761 2533 790 2553 ι
787 2529 828 2553 t
815 2531 901 2564 :.rpr
