<?xml version="1.0" encoding="UTF-8"?>
<!DOCTYPE html PUBLIC "-//W3C//DTD XHTML 1.0 Transitional//EN"
    "http://www.w3.org/TR/xhtml1/DTD/xhtml1-transitional.dtd">
<html xmlns="http://www.w3.org/1999/xhtml" xml:lang="en" lang="en">
 <head>
  <title>
</title>
<meta http-equiv="Content-Type" content="text/html;charset=utf-8" />
  <meta name='ocr-system' content='tesseract 3.04.00' />
  <meta name='ocr-capabilities' content='ocr_page ocr_carea ocr_par ocr_line ocrx_word'/>
</head>
<body>
  <div class='ocr_page' id='page_1' title='image "./historiarumlibri11livyuoft_0262.png"; bbox 0 0 1685 3042; ppageno 0'>
   <div class='ocr_carea' id='block_1_1' title="bbox 338 174 1550 271">
    <p class='ocr_par' dir='ltr' id='par_1_1' title="bbox 338 174 1550 271">
     <span class='ocr_line' id='line_1_1' title="bbox 338 174 1550 271; baseline -0.004 -17"><span class='ocrx_word' id='word_1_1' title='bbox 338 222 432 271; x_wconf 77' lang='lat'><strong>254</strong></span> <span class='ocrx_word' id='word_1_2' title='bbox 506 204 592 251; x_wconf 64' lang='grc' dir='ltr'><strong>ιο.</strong></span> <span class='ocrx_word' id='word_1_3' title='bbox 629 201 1129 250; x_wconf 72' lang='lat' dir='ltr'>FRE1NSHEMH</span> <span class='ocrx_word' id='word_1_4' title='bbox 1170 174 1550 249; x_wconf 64' lang='lat' dir='ltr'><strong>SUPPLEM:</strong></span> 
     </span>
    </p>
   </div>
   <div class='ocr_carea' id='block_1_2' title="bbox 337 307 1646 2421">
    <p class='ocr_par' dir='ltr' id='par_1_2' title="bbox 337 307 1637 1104">
     <span class='ocr_line' id='line_1_2' title="bbox 404 307 1624 365; baseline -0.006 -11"><span class='ocrx_word' id='word_1_5' title='bbox 404 313 535 365; x_wconf 73' lang='lat' dir='ltr'>XXV.</span> <span class='ocrx_word' id='word_1_6' title='bbox 564 312 726 352; x_wconf 84' lang='lat' dir='ltr'><strong>Partitus</strong></span> <span class='ocrx_word' id='word_1_7' title='bbox 750 311 854 350; x_wconf 84' lang='lat' dir='ltr'><strong>enim</strong></span> <span class='ocrx_word' id='word_1_8' title='bbox 886 309 1014 360; x_wconf 86' lang='lat' dir='ltr'><strong>copias</strong></span> <span class='ocrx_word' id='word_1_9' title='bbox 1036 307 1078 349; x_wconf 84' lang='lat' dir='ltr'><strong>in</strong></span> <span class='ocrx_word' id='word_1_10' title='bbox 1113 308 1290 347; x_wconf 85' lang='lat' dir='ltr'><strong>diurnam</strong></span> <span class='ocrx_word' id='word_1_11' title='bbox 1318 311 1624 358; x_wconf 65' lang='lat' dir='ltr'><strong>nocturnamque</strong></span> 
     </span>
     <span class='ocr_line' id='line_1_3' title="bbox 339 372 1629 429; baseline -0.006 -11"><span class='ocrx_word' id='word_1_12' title='bbox 339 391 520 429; x_wconf 80' lang='lat' dir='ltr'>operam,</span> <span class='ocrx_word' id='word_1_13' title='bbox 547 386 613 425; x_wconf 88' lang='lat' dir='ltr'><strong>ut,</strong></span> <span class='ocrx_word' id='word_1_14' title='bbox 638 385 744 427; x_wconf 82' lang='lat' dir='ltr'><strong>parte</strong></span> <span class='ocrx_word' id='word_1_15' title='bbox 768 375 932 414; x_wconf 83' lang='lat' dir='ltr'><strong>dimidia</strong></span> <span class='ocrx_word' id='word_1_16' title='bbox 960 381 1180 425; x_wconf 81' lang='lat' dir='ltr'>pugnante,</span> <span class='ocrx_word' id='word_1_17' title='bbox 1201 372 1338 422; x_wconf 79' lang='lat' dir='ltr'>reliqui</span> <span class='ocrx_word' id='word_1_18' title='bbox 1363 372 1629 425; x_wconf 82' lang='lat' dir='ltr'><strong>interquiesce-</strong></span> 
     </span>
     <span class='ocr_line' id='line_1_4' title="bbox 337 435 1626 492; baseline -0.006 -12"><span class='ocrx_word' id='word_1_19' title='bbox 337 452 448 489; x_wconf 80' lang='lat' dir='ltr'><strong>rent,</strong></span> <span class='ocrx_word' id='word_1_20' title='bbox 486 440 700 492; x_wconf 83' lang='lat' dir='ltr'><strong>penetravit</strong></span> <span class='ocrx_word' id='word_1_21' title='bbox 735 439 784 478; x_wconf 90' lang='lat' dir='ltr'><strong>ad</strong></span> <span class='ocrx_word' id='word_1_22' title='bbox 820 437 963 477; x_wconf 85' lang='lat' dir='ltr'><strong>moenia</strong></span> <span class='ocrx_word' id='word_1_23' title='bbox 997 435 1223 487; x_wconf 65' lang='lat' dir='ltr'><strong>portasque,</strong></span> <span class='ocrx_word' id='word_1_24' title='bbox 1258 437 1294 475; x_wconf 68' lang='grc' dir='ltr'><strong>δε</strong></span> <span class='ocrx_word' id='word_1_25' title='bbox 1331 437 1420 485; x_wconf 84' lang='lat' dir='ltr'><strong>quia</strong></span> <span class='ocrx_word' id='word_1_26' title='bbox 1451 442 1626 473; x_wconf 80' lang='lat' dir='ltr'>recentes</span> 
     </span>
     <span class='ocr_line' id='line_1_5' title="bbox 339 496 1630 549; baseline -0.007 -6"><span class='ocrx_word' id='word_1_27' title='bbox 339 503 503 543; x_wconf 73' lang='lat' dir='ltr'><strong>subinde</strong></span> <span class='ocrx_word' id='word_1_28' title='bbox 531 502 630 542; x_wconf 70' lang='lat' dir='ltr'><strong>fessis</strong></span> <span class='ocrx_word' id='word_1_29' title='bbox 659 500 951 549; x_wconf 81' lang='lat' dir='ltr'>succedebant,</span> <span class='ocrx_word' id='word_1_30' title='bbox 983 498 1226 548; x_wconf 74' lang='lat' dir='ltr'>oppidanos,</span> <span class='ocrx_word' id='word_1_31' title='bbox 1258 497 1395 548; x_wconf 88' lang='lat' dir='ltr'><strong>quibus</strong></span> <span class='ocrx_word' id='word_1_32' title='bbox 1427 496 1630 547; x_wconf 85' lang='lat' dir='ltr'><strong>haudqua-</strong></span> 
     </span>
     <span class='ocr_line' id='line_1_6' title="bbox 338 555 1632 616; baseline -0.009 -11"><span class='ocrx_word' id='word_1_33' title='bbox 338 579 454 616; x_wconf 87' lang='lat' dir='ltr'><strong>quam</strong></span> <span class='ocrx_word' id='word_1_34' title='bbox 479 565 616 604; x_wconf 85' lang='lat' dir='ltr'><strong>eadem</strong></span> <span class='ocrx_word' id='word_1_35' title='bbox 648 573 728 602; x_wconf 84' lang='lat' dir='ltr'><strong>erat</strong></span> <span class='ocrx_word' id='word_1_36' title='bbox 751 562 887 613; x_wconf 81' lang='lat' dir='ltr'><strong>copia,</strong></span> <span class='ocrx_word' id='word_1_37' title='bbox 915 561 963 600; x_wconf 85' lang='lat' dir='ltr'><strong>ad</strong></span> <span class='ocrx_word' id='word_1_38' title='bbox 993 567 1207 598; x_wconf 84' lang='lat' dir='ltr'><strong>extremum</strong></span> <span class='ocrx_word' id='word_1_39' title='bbox 1231 557 1433 597; x_wconf 83' lang='lat' dir='ltr'>discrimen</span> <span class='ocrx_word' id='word_1_40' title='bbox 1456 555 1632 595; x_wconf 84' lang='lat' dir='ltr'><strong>adduxit.</strong></span> 
     </span>
     <span class='ocr_line' id='line_1_7' title="bbox 340 618 1628 680; baseline -0.009 -11"><span class='ocrx_word' id='word_1_41' title='bbox 340 628 620 680; x_wconf 78' lang='lat' dir='ltr'><strong>Repugnabant</strong></span> <span class='ocrx_word' id='word_1_42' title='bbox 644 626 699 665; x_wconf 87' lang='lat' dir='ltr'><strong>illi</strong></span> <span class='ocrx_word' id='word_1_43' title='bbox 723 618 852 664; x_wconf 65' lang='lat' dir='ltr'><strong>tamen</strong></span> <span class='ocrx_word' id='word_1_44' title='bbox 867 655 878 672; x_wconf 87' lang='lat'><strong>,</strong></span> <span class='ocrx_word' id='word_1_45' title='bbox 906 623 1031 662; x_wconf 90' lang='lat' dir='ltr'><strong>donec</strong></span> <span class='ocrx_word' id='word_1_46' title='bbox 1052 622 1178 672; x_wconf 84' lang='lat' dir='ltr'><strong>pinnae</strong></span> <span class='ocrx_word' id='word_1_47' title='bbox 1202 619 1396 671; x_wconf 84' lang='lat' dir='ltr'><strong>turresque</strong></span> <span class='ocrx_word' id='word_1_48' title='bbox 1419 619 1628 658; x_wconf 81' lang='lat' dir='ltr'><strong>steterunt:</strong></span> 
     </span>
     <span class='ocr_line' id='line_1_8' title="bbox 339 682 1630 733; baseline -0.009 -3"><span class='ocrx_word' id='word_1_49' title='bbox 339 691 406 730; x_wconf 79' lang='lat' dir='ltr'><strong>sed</strong></span> <span class='ocrx_word' id='word_1_50' title='bbox 433 690 500 729; x_wconf 88' lang='lat' dir='ltr'><strong>ubi</strong></span> <span class='ocrx_word' id='word_1_51' title='bbox 525 689 612 728; x_wconf 84' lang='lat' dir='ltr'><strong>sunt</strong></span> <span class='ocrx_word' id='word_1_52' title='bbox 647 687 693 726; x_wconf 85' lang='lat' dir='ltr'><strong>ab</strong></span> <span class='ocrx_word' id='word_1_53' title='bbox 723 687 781 725; x_wconf 84' lang='lat' dir='ltr'><strong>his</strong></span> <span class='ocrx_word' id='word_1_54' title='bbox 807 685 995 733; x_wconf 86' lang='lat' dir='ltr'><strong>destituti,</strong></span> <span class='ocrx_word' id='word_1_55' title='bbox 1017 697 1092 722; x_wconf 87' lang='lat' dir='ltr'><strong>una</strong></span> <span class='ocrx_word' id='word_1_56' title='bbox 1121 683 1267 733; x_wconf 83' lang='lat' dir='ltr'><strong>reliqua</strong></span> <span class='ocrx_word' id='word_1_57' title='bbox 1291 682 1375 732; x_wconf 80' lang='lat' dir='ltr'><strong>spes</strong></span> <span class='ocrx_word' id='word_1_58' title='bbox 1399 688 1514 733; x_wconf 85' lang='lat' dir='ltr'><strong>atque</strong></span> <span class='ocrx_word' id='word_1_59' title='bbox 1538 693 1630 720; x_wconf 91' lang='lat' dir='ltr'><strong>con-</strong></span> 
     </span>
     <span class='ocr_line' id='line_1_9' title="bbox 339 742 1632 800; baseline -0.009 -8"><span class='ocrx_word' id='word_1_60' title='bbox 339 754 464 792; x_wconf 83' lang='lat' dir='ltr'><strong>tentio</strong></span> <span class='ocrx_word' id='word_1_61' title='bbox 489 751 588 798; x_wconf 84' lang='lat' dir='ltr'><strong>fuit,</strong></span> <span class='ocrx_word' id='word_1_62' title='bbox 615 750 637 789; x_wconf 78' lang='lat' dir='ltr'><strong>si</strong></span> <span class='ocrx_word' id='word_1_63' title='bbox 666 762 781 800; x_wconf 87' lang='lat' dir='ltr'><strong>quam</strong></span> <span class='ocrx_word' id='word_1_64' title='bbox 801 748 978 798; x_wconf 86' lang='lat' dir='ltr'><strong>fugiendi</strong></span> <span class='ocrx_word' id='word_1_65' title='bbox 1001 745 1164 797; x_wconf 87' lang='lat' dir='ltr'><strong>reperire</strong></span> <span class='ocrx_word' id='word_1_66' title='bbox 1186 745 1288 785; x_wconf 87' lang='lat' dir='ltr'><strong>viam</strong></span> <span class='ocrx_word' id='word_1_67' title='bbox 1306 742 1469 795; x_wconf 82' lang='lat' dir='ltr'><strong>poffent.</strong></span> <span class='ocrx_word' id='word_1_68' title='bbox 1496 744 1632 789; x_wconf 74' lang='lat' dir='ltr'><strong>Amnis</strong></span> 
     </span>
     <span class='ocr_line' id='line_1_10' title="bbox 339 804 1634 866; baseline -0.007 -12"><span class='ocrx_word' id='word_1_69' title='bbox 339 812 622 866; x_wconf 72' lang='lat' dir='ltr'><strong>praeterfluebat</strong></span> <span class='ocrx_word' id='word_1_70' title='bbox 645 812 780 850; x_wconf 86' lang='lat' dir='ltr'><strong>urbem</strong></span> <span class='ocrx_word' id='word_1_71' title='bbox 797 842 809 857; x_wconf 89' lang='lat'><strong>,</strong></span> <span class='ocrx_word' id='word_1_72' title='bbox 833 810 975 849; x_wconf 88' lang='lat' dir='ltr'><strong>eodem</strong></span> <span class='ocrx_word' id='word_1_73' title='bbox 1002 819 1119 859; x_wconf 85' lang='lat' dir='ltr'><strong>atque</strong></span> <span class='ocrx_word' id='word_1_74' title='bbox 1155 807 1220 848; x_wconf 82' lang='lat' dir='ltr'><strong>illa</strong></span> <span class='ocrx_word' id='word_1_75' title='bbox 1248 807 1419 846; x_wconf 90' lang='lat' dir='ltr'><strong>nomine.</strong></span> <span class='ocrx_word' id='word_1_76' title='bbox 1456 804 1526 845; x_wconf 89' lang='lat' dir='ltr'><strong>sub</strong></span> <span class='ocrx_word' id='word_1_77' title='bbox 1554 804 1634 845; x_wconf 87' lang='lat' dir='ltr'><strong>hoc</strong></span> 
     </span>
     <span class='ocr_line' id='line_1_11' title="bbox 342 867 1636 930; baseline -0.009 -13"><span class='ocrx_word' id='word_1_78' title='bbox 342 878 501 930; x_wconf 86' lang='lat' dir='ltr'><strong>quidam</strong></span> <span class='ocrx_word' id='word_1_79' title='bbox 528 875 719 914; x_wconf 83' lang='lat' dir='ltr'><strong>urinando</strong></span> <span class='ocrx_word' id='word_1_80' title='bbox 739 874 979 914; x_wconf 80' lang='lat' dir='ltr'>conabantur</span> <span class='ocrx_word' id='word_1_81' title='bbox 1002 873 1184 912; x_wconf 86' lang='lat' dir='ltr'><strong>evadere:</strong></span> <span class='ocrx_word' id='word_1_82' title='bbox 1208 871 1273 910; x_wconf 87' lang='lat' dir='ltr'><strong>sed</strong></span> <span class='ocrx_word' id='word_1_83' title='bbox 1299 869 1454 920; x_wconf 75' lang='lat' dir='ltr'><strong>excepti</strong></span> <span class='ocrx_word' id='word_1_84' title='bbox 1477 867 1564 908; x_wconf 87' lang='lat' dir='ltr'><strong>sunt</strong></span> <span class='ocrx_word' id='word_1_85' title='bbox 1578 881 1636 907; x_wconf 85' lang='lat' dir='ltr'><strong>re-</strong></span> 
     </span>
     <span class='ocr_line' id='line_1_12' title="bbox 343 930 1637 988; baseline -0.007 -8"><span class='ocrx_word' id='word_1_86' title='bbox 343 941 475 988; x_wconf 77' lang='lat' dir='ltr'><strong>tibus,</strong></span> <span class='ocrx_word' id='word_1_87' title='bbox 513 938 580 978; x_wconf 90' lang='lat' dir='ltr'><strong>sub</strong></span> <span class='ocrx_word' id='word_1_88' title='bbox 613 951 711 988; x_wconf 83' lang='lat' dir='ltr'><strong>aqua</strong></span> <span class='ocrx_word' id='word_1_89' title='bbox 758 937 799 975; x_wconf 91' lang='lat' dir='ltr'><strong>in</strong></span> <span class='ocrx_word' id='word_1_90' title='bbox 830 934 1080 975; x_wconf 80' lang='lat' dir='ltr'><strong>transversum</strong></span> <span class='ocrx_word' id='word_1_91' title='bbox 1117 935 1255 982; x_wconf 76' lang='lat' dir='ltr'><strong>tensis,</strong></span> <span class='ocrx_word' id='word_1_92' title='bbox 1288 933 1427 984; x_wconf 89' lang='lat' dir='ltr'><strong>quibus</strong></span> <span class='ocrx_word' id='word_1_93' title='bbox 1466 930 1637 983; x_wconf 86' lang='lat' dir='ltr'><strong>appensa</strong></span> 
     </span>
     <span class='ocr_line' id='line_1_13' title="bbox 341 992 1635 1049; baseline -0.007 -7"><span class='ocrx_word' id='word_1_94' title='bbox 341 1004 382 1042; x_wconf 89' lang='lat' dir='ltr'><strong>in</strong></span> <span class='ocrx_word' id='word_1_95' title='bbox 402 1002 552 1041; x_wconf 88' lang='lat' dir='ltr'><strong>summo</strong></span> <span class='ocrx_word' id='word_1_96' title='bbox 576 998 862 1047; x_wconf 87' lang='lat' dir='ltr'><strong>tintinnabula,</strong></span> <span class='ocrx_word' id='word_1_97' title='bbox 885 1007 928 1037; x_wconf 90' lang='lat' dir='ltr'><strong>ut</strong></span> <span class='ocrx_word' id='word_1_98' title='bbox 950 999 1036 1049; x_wconf 84' lang='lat' dir='ltr'><strong>quis</strong></span> <span class='ocrx_word' id='word_1_99' title='bbox 1056 997 1273 1045; x_wconf 85' lang='lat' dir='ltr'>inciderat,</span> <span class='ocrx_word' id='word_1_100' title='bbox 1299 1004 1498 1046; x_wconf 88' lang='lat' dir='ltr'><strong>capturam</strong></span> <span class='ocrx_word' id='word_1_101' title='bbox 1523 992 1635 1045; x_wconf 80' lang='lat' dir='ltr'><strong>signi-</strong></span> 
     </span>
     <span class='ocr_line' id='line_1_14' title="bbox 342 1064 1620 1104; baseline -0.009 0"><span class='ocrx_word' id='word_1_102' title='bbox 342 1064 522 1104; x_wconf 75' lang='lat' dir='ltr'><strong>ficabant.</strong></span> <span class='ocrx_word' id='word_1_103' title='bbox 1617 1072 1620 1074; x_wconf 30' lang='lat' dir='ltr'>v</span> 
     </span>
    </p>

    <p class='ocr_par' dir='ltr' id='par_1_3' title="bbox 342 1118 1645 1932">
     <span class='ocr_line' id='line_1_15' title="bbox 414 1118 1639 1175; baseline -0.007 -7"><span class='ocrx_word' id='word_1_104' title='bbox 414 1126 562 1169; x_wconf 85' lang='lat' dir='ltr'>XXVI.</span> <span class='ocrx_word' id='word_1_105' title='bbox 604 1126 797 1166; x_wconf 88' lang='lat' dir='ltr'><strong>Postremo</strong></span> <span class='ocrx_word' id='word_1_106' title='bbox 834 1123 1008 1164; x_wconf 79' lang='lat' dir='ltr'><strong>oninium</strong></span> <span class='ocrx_word' id='word_1_107' title='bbox 1051 1123 1201 1175; x_wconf 79' lang='lat' dir='ltr'>eruptio</span> <span class='ocrx_word' id='word_1_108' title='bbox 1234 1121 1392 1173; x_wconf 90' lang='lat' dir='ltr'><strong>placuit.</strong></span> <span class='ocrx_word' id='word_1_109' title='bbox 1429 1120 1534 1171; x_wconf 90' lang='lat' dir='ltr'><strong>quod</strong></span> <span class='ocrx_word' id='word_1_110' title='bbox 1567 1118 1639 1159; x_wconf 81' lang='lat' dir='ltr'><strong>ubi</strong></span> 
     </span>
     <span class='ocr_line' id='line_1_16' title="bbox 342 1184 1638 1239; baseline -0.008 -8"><span class='ocrx_word' id='word_1_111' title='bbox 342 1191 461 1232; x_wconf 87' lang='lat' dir='ltr'><strong>Bruto</strong></span> <span class='ocrx_word' id='word_1_112' title='bbox 489 1189 655 1239; x_wconf 90' lang='lat' dir='ltr'><strong>nuntiis,</strong></span> <span class='ocrx_word' id='word_1_113' title='bbox 679 1199 745 1229; x_wconf 85' lang='lat' dir='ltr'><strong>aut</strong></span> <span class='ocrx_word' id='word_1_114' title='bbox 764 1188 877 1228; x_wconf 87' lang='lat' dir='ltr'><strong>rebus</strong></span> <span class='ocrx_word' id='word_1_115' title='bbox 896 1187 981 1239; x_wconf 76' lang='lat' dir='ltr'><strong>ipsis</strong></span> <span class='ocrx_word' id='word_1_116' title='bbox 1007 1186 1201 1238; x_wconf 89' lang='lat' dir='ltr'><strong>proditum</strong></span> <span class='ocrx_word' id='word_1_117' title='bbox 1225 1185 1304 1232; x_wconf 83' lang='lat' dir='ltr'><strong>est;</strong></span> <span class='ocrx_word' id='word_1_118' title='bbox 1328 1184 1481 1224; x_wconf 85' lang='lat' dir='ltr'><strong>reduxit</strong></span> <span class='ocrx_word' id='word_1_119' title='bbox 1505 1197 1527 1222; x_wconf 85' lang='lat' dir='ltr'><strong>a</strong></span> <span class='ocrx_word' id='word_1_120' title='bbox 1549 1196 1638 1233; x_wconf 85' lang='lat' dir='ltr'><strong>pot-</strong></span> 
     </span>
     <span class='ocr_line' id='line_1_17' title="bbox 345 1245 1638 1303; baseline -0.009 -9"><span class='ocrx_word' id='word_1_121' title='bbox 345 1255 394 1294; x_wconf 88' lang='lat' dir='ltr'><strong>tis</strong></span> <span class='ocrx_word' id='word_1_122' title='bbox 425 1251 590 1300; x_wconf 82' lang='lat' dir='ltr'><strong>milites,</strong></span> <span class='ocrx_word' id='word_1_123' title='bbox 617 1261 662 1290; x_wconf 90' lang='lat' dir='ltr'><strong>ut</strong></span> <span class='ocrx_word' id='word_1_124' title='bbox 692 1251 857 1303; x_wconf 83' lang='lat' dir='ltr'><strong>spatium</strong></span> <span class='ocrx_word' id='word_1_125' title='bbox 888 1250 1133 1289; x_wconf 65' lang='lat' dir='ltr'><strong>concederet„</strong></span> <span class='ocrx_word' id='word_1_126' title='bbox 1162 1248 1207 1288; x_wconf 78' lang='lat' dir='ltr'><strong>ld</strong></span> <span class='ocrx_word' id='word_1_127' title='bbox 1236 1245 1399 1287; x_wconf 87' lang='lat' dir='ltr'><strong>Xanthii</strong></span> <span class='ocrx_word' id='word_1_128' title='bbox 1436 1245 1638 1296; x_wconf 82' lang='lat' dir='ltr'><strong>negligen-</strong></span> 
     </span>
     <span class='ocr_line' id='line_1_18' title="bbox 346 1308 1641 1365; baseline -0.007 -10"><span class='ocrx_word' id='word_1_129' title='bbox 346 1318 441 1356; x_wconf 82' lang='lat' dir='ltr'><strong>tiam</strong></span> <span class='ocrx_word' id='word_1_130' title='bbox 463 1315 726 1365; x_wconf 84' lang='lat' dir='ltr'><strong>interpretati,</strong></span> <span class='ocrx_word' id='word_1_131' title='bbox 748 1316 865 1353; x_wconf 61' lang='lat' dir='ltr'><strong>not-“tu</strong></span> <span class='ocrx_word' id='word_1_132' title='bbox 892 1320 1099 1363; x_wconf 87' lang='lat' dir='ltr'><strong>eruperunt</strong></span> <span class='ocrx_word' id='word_1_133' title='bbox 1123 1323 1214 1350; x_wconf 88' lang='lat' dir='ltr'><strong>cum</strong></span> <span class='ocrx_word' id='word_1_134' title='bbox 1247 1309 1400 1361; x_wconf 83' lang='lat' dir='ltr'>ignibus</span> <span class='ocrx_word' id='word_1_135' title='bbox 1418 1339 1431 1356; x_wconf 94' lang='lat'><strong>,</strong></span> <span class='ocrx_word' id='word_1_136' title='bbox 1457 1321 1553 1358; x_wconf 89' lang='lat' dir='ltr'><strong>quos</strong></span> <span class='ocrx_word' id='word_1_137' title='bbox 1582 1308 1641 1345; x_wconf 55' lang='lat' dir='ltr'><strong>in„-</strong></span> 
     </span>
     <span class='ocr_line' id='line_1_19' title="bbox 344 1369 1642 1430; baseline -0.008 -11"><span class='ocrx_word' id='word_1_138' title='bbox 344 1382 507 1430; x_wconf 88' lang='lat' dir='ltr'><strong>jicereut</strong></span> <span class='ocrx_word' id='word_1_139' title='bbox 544 1377 743 1417; x_wconf 87' lang='lat' dir='ltr'><strong>machinis.</strong></span> <span class='ocrx_word' id='word_1_140' title='bbox 779 1376 987 1416; x_wconf 88' lang='lat' dir='ltr'><strong>vehemens</strong></span> <span class='ocrx_word' id='word_1_141' title='bbox 1017 1375 1111 1413; x_wconf 89' lang='lat' dir='ltr'><strong>inde</strong></span> <span class='ocrx_word' id='word_1_142' title='bbox 1147 1385 1342 1412; x_wconf 88' lang='lat' dir='ltr'><strong>certamen</strong></span> <span class='ocrx_word' id='word_1_143' title='bbox 1383 1382 1524 1411; x_wconf 89' lang='lat' dir='ltr'><strong>ortum.</strong></span> <span class='ocrx_word' id='word_1_144' title='bbox 1563 1369 1642 1410; x_wconf 84' lang='lat' dir='ltr'><strong>Sed</strong></span> 
     </span>
     <span class='ocr_line' id='line_1_20' title="bbox 347 1433 1640 1487; baseline -0.008 -7"><span class='ocrx_word' id='word_1_145' title='bbox 347 1440 452 1481; x_wconf 86' lang='lat' dir='ltr'>Bruti</span> <span class='ocrx_word' id='word_1_146' title='bbox 478 1438 641 1486; x_wconf 78' lang='lat' dir='ltr'><strong>milites,</strong></span> <span class='ocrx_word' id='word_1_147' title='bbox 670 1437 772 1477; x_wconf 64' lang='lat' dir='ltr'><strong>fafto</strong></span> <span class='ocrx_word' id='word_1_148' title='bbox 806 1451 874 1487; x_wconf 79' lang='lat' dir='ltr'><strong>per</strong></span> <span class='ocrx_word' id='word_1_149' title='bbox 902 1436 1126 1475; x_wconf 86' lang='lat' dir='ltr'><strong>incendium</strong></span> <span class='ocrx_word' id='word_1_150' title='bbox 1160 1434 1327 1484; x_wconf 85' lang='lat' dir='ltr'><strong>impetu,</strong></span> <span class='ocrx_word' id='word_1_151' title='bbox 1356 1433 1505 1472; x_wconf 89' lang='lat' dir='ltr'><strong>nudum</strong></span> <span class='ocrx_word' id='word_1_152' title='bbox 1533 1433 1640 1471; x_wconf 73' lang='lat' dir='ltr'><strong>Xan.</strong></span> 
     </span>
     <span class='ocr_line' id='line_1_21' title="bbox 346 1494 1641 1554; baseline -0.005 -14"><span class='ocrx_word' id='word_1_153' title='bbox 346 1503 518 1540; x_wconf 86' lang='lat' dir='ltr'><strong>thiorum</strong></span> <span class='ocrx_word' id='word_1_154' title='bbox 536 1513 674 1551; x_wconf 83' lang='lat' dir='ltr'><strong>agmen</strong></span> <span class='ocrx_word' id='word_1_155' title='bbox 691 1501 846 1554; x_wconf 92' lang='lat' dir='ltr'><strong>(neque</strong></span> <span class='ocrx_word' id='word_1_156' title='bbox 865 1501 970 1537; x_wconf 89' lang='lat' dir='ltr'><strong>enim</strong></span> <span class='ocrx_word' id='word_1_157' title='bbox 992 1506 1125 1548; x_wconf 81' lang='lat' dir='ltr'><strong>praeter</strong></span> <span class='ocrx_word' id='word_1_158' title='bbox 1143 1497 1246 1536; x_wconf 85' lang='lat' dir='ltr'><strong>faces</strong></span> <span class='ocrx_word' id='word_1_159' title='bbox 1268 1498 1303 1536; x_wconf 88' lang='lat'>&amp;</span> <span class='ocrx_word' id='word_1_160' title='bbox 1328 1495 1404 1534; x_wconf 85' lang='lat' dir='ltr'><strong>tela</strong></span> <span class='ocrx_word' id='word_1_161' title='bbox 1428 1494 1641 1546; x_wconf 84' lang='lat' dir='ltr'><strong>quidquam</strong></span> 
     </span>
     <span class='ocr_line' id='line_1_22' title="bbox 349 1556 1643 1617; baseline -0.008 -13"><span class='ocrx_word' id='word_1_162' title='bbox 349 1563 595 1617; x_wconf 75' lang='lat' dir='ltr'><strong>extulerant)</strong></span> <span class='ocrx_word' id='word_1_163' title='bbox 611 1563 816 1612; x_wconf 83' lang='lat' dir='ltr'><strong>disjecere3</strong></span> <span class='ocrx_word' id='word_1_164' title='bbox 840 1560 969 1599; x_wconf 84' lang='lat' dir='ltr'><strong>multis</strong></span> <span class='ocrx_word' id='word_1_165' title='bbox 995 1559 1229 1605; x_wconf 86' lang='lat' dir='ltr'><strong>interemtis,</strong></span> <span class='ocrx_word' id='word_1_166' title='bbox 1248 1559 1337 1608; x_wconf 86' lang='lat' dir='ltr'><strong>quia</strong></span> <span class='ocrx_word' id='word_1_167' title='bbox 1362 1567 1497 1604; x_wconf 87' lang='lat' dir='ltr'><strong>metu,</strong></span> <span class='ocrx_word' id='word_1_168' title='bbox 1523 1569 1571 1594; x_wconf 89' lang='lat' dir='ltr'><strong>ne</strong></span> <span class='ocrx_word' id='word_1_169' title='bbox 1595 1556 1643 1595; x_wconf 73' lang='lat' dir='ltr'><strong>fi-</strong></span> 
     </span>
     <span class='ocr_line' id='line_1_23' title="bbox 351 1618 1642 1676; baseline -0.008 -9"><span class='ocrx_word' id='word_1_170' title='bbox 351 1627 435 1667; x_wconf 88' lang='lat' dir='ltr'><strong>mul</strong></span> <span class='ocrx_word' id='word_1_171' title='bbox 464 1628 693 1676; x_wconf 82' lang='lat' dir='ltr'><strong>irrumperet</strong></span> <span class='ocrx_word' id='word_1_172' title='bbox 721 1625 862 1671; x_wconf 86' lang='lat' dir='ltr'><strong>hostis,</strong></span> <span class='ocrx_word' id='word_1_173' title='bbox 895 1622 1064 1662; x_wconf 78' lang='lat' dir='ltr'><strong>clausum</strong></span> <span class='ocrx_word' id='word_1_174' title='bbox 1100 1622 1290 1672; x_wconf 87' lang='lat' dir='ltr'><strong>oppidum</strong></span> <span class='ocrx_word' id='word_1_175' title='bbox 1321 1620 1459 1659; x_wconf 87' lang='lat' dir='ltr'><strong>fuerat.</strong></span> <span class='ocrx_word' id='word_1_176' title='bbox 1493 1619 1542 1660; x_wconf 90' lang='lat' dir='ltr'><strong>Et</strong></span> <span class='ocrx_word' id='word_1_177' title='bbox 1567 1618 1642 1657; x_wconf 80' lang='lat' dir='ltr'><strong>hos</strong></span> 
     </span>
     <span class='ocr_line' id='line_1_24' title="bbox 351 1682 1643 1742; baseline -0.007 -13"><span class='ocrx_word' id='word_1_178' title='bbox 351 1690 509 1742; x_wconf 87' lang='lat' dir='ltr'><strong>quidem</strong></span> <span class='ocrx_word' id='word_1_179' title='bbox 537 1689 642 1728; x_wconf 88' lang='lat' dir='ltr'><strong>hunc</strong></span> <span class='ocrx_word' id='word_1_180' title='bbox 674 1689 724 1728; x_wconf 85' lang='lat' dir='ltr'><strong>ad</strong></span> <span class='ocrx_word' id='word_1_181' title='bbox 756 1689 919 1728; x_wconf 88' lang='lat' dir='ltr'><strong>modum</strong></span> <span class='ocrx_word' id='word_1_182' title='bbox 960 1685 1112 1726; x_wconf 78' lang='lat' dir='ltr'><strong>occlusa</strong></span> <span class='ocrx_word' id='word_1_183' title='bbox 1149 1695 1282 1735; x_wconf 89' lang='lat' dir='ltr'><strong>porta,</strong></span> <span class='ocrx_word' id='word_1_184' title='bbox 1310 1682 1476 1733; x_wconf 84' lang='lat' dir='ltr'><strong>reliquos</strong></span> <span class='ocrx_word' id='word_1_185' title='bbox 1510 1689 1643 1732; x_wconf 80' lang='lat' dir='ltr'><strong>aperta</strong></span> 
     </span>
     <span class='ocr_line' id='line_1_25' title="bbox 351 1746 1641 1806; baseline -0.008 -13"><span class='ocrx_word' id='word_1_186' title='bbox 351 1754 536 1806; x_wconf 84' lang='lat' dir='ltr'><strong>prodidit.</strong></span> <span class='ocrx_word' id='word_1_187' title='bbox 559 1754 738 1802; x_wconf 83' lang='lat' dir='ltr'><strong>Namque</strong></span> <span class='ocrx_word' id='word_1_188' title='bbox 763 1751 831 1791; x_wconf 91' lang='lat' dir='ltr'><strong>sub</strong></span> <span class='ocrx_word' id='word_1_189' title='bbox 855 1751 1056 1790; x_wconf 85' lang='lat' dir='ltr'><strong>meridiem</strong></span> <span class='ocrx_word' id='word_1_190' title='bbox 1081 1758 1288 1799; x_wconf 86' lang='lat' dir='ltr'><strong>eruperunt</strong></span> <span class='ocrx_word' id='word_1_191' title='bbox 1315 1749 1454 1786; x_wconf 88' lang='lat' dir='ltr'><strong>iterum</strong></span> <span class='ocrx_word' id='word_1_192' title='bbox 1470 1776 1480 1794; x_wconf 87' lang='lat'><strong>‚</strong></span> <span class='ocrx_word' id='word_1_193' title='bbox 1508 1746 1641 1784; x_wconf 87' lang='lat' dir='ltr'><strong>incen-</strong></span> 
     </span>
     <span class='ocr_line' id='line_1_26' title="bbox 349 1807 1645 1868; baseline -0.008 -11"><span class='ocrx_word' id='word_1_194' title='bbox 349 1816 474 1868; x_wconf 77' lang='lat' dir='ltr'><strong>sisque</strong></span> <span class='ocrx_word' id='word_1_195' title='bbox 510 1814 699 1854; x_wconf 82' lang='lat' dir='ltr'><strong>machinis</strong></span> <span class='ocrx_word' id='word_1_196' title='bbox 728 1814 918 1865; x_wconf 89' lang='lat' dir='ltr'><strong>oppidum</strong></span> <span class='ocrx_word' id='word_1_197' title='bbox 944 1813 1207 1863; x_wconf 87' lang='lat' dir='ltr'><strong>repetierunt,</strong></span> <span class='ocrx_word' id='word_1_198' title='bbox 1231 1809 1353 1848; x_wconf 89' lang='lat' dir='ltr'><strong>libero</strong></span> <span class='ocrx_word' id='word_1_199' title='bbox 1389 1807 1523 1847; x_wconf 62' lang='lat' dir='ltr'><strong>relifto</strong></span> <span class='ocrx_word' id='word_1_200' title='bbox 1554 1817 1645 1857; x_wconf 83' lang='lat' dir='ltr'><strong>pro-</strong></span> 
     </span>
     <span class='ocr_line' id='line_1_27' title="bbox 354 1875 948 1932; baseline -0.008 -14"><span class='ocrx_word' id='word_1_201' title='bbox 354 1889 442 1932; x_wconf 85' lang='lat' dir='ltr'><strong>pter</strong></span> <span class='ocrx_word' id='word_1_202' title='bbox 474 1879 641 1929; x_wconf 82' lang='lat' dir='ltr'><strong>priorem</strong></span> <span class='ocrx_word' id='word_1_203' title='bbox 669 1875 800 1916; x_wconf 84' lang='lat' dir='ltr'><strong>casum</strong></span> <span class='ocrx_word' id='word_1_204' title='bbox 827 1875 948 1914; x_wconf 86' lang='lat' dir='ltr'><strong>aditu.</strong></span> 
     </span>
    </p>

    <p class='ocr_par' dir='ltr' id='par_1_4' title="bbox 357 1927 1646 2421">
     <span class='ocr_line' id='line_1_28' title="bbox 410 1927 1643 1990; baseline -0.013 -8"><span class='ocrx_word' id='word_1_205' title='bbox 410 1939 575 1982; x_wconf 79' lang='lat' dir='ltr'>XXVII.</span> <span class='ocrx_word' id='word_1_206' title='bbox 605 1939 726 1990; x_wconf 77' lang='lat' dir='ltr'><strong>Igitur</strong></span> <span class='ocrx_word' id='word_1_207' title='bbox 752 1937 957 1976; x_wconf 85' lang='lat' dir='ltr'><strong>confertim</strong></span> <span class='ocrx_word' id='word_1_208' title='bbox 986 1931 1287 1984; x_wconf 84' lang='lat' dir='ltr'><strong>irrumpentibus</strong></span> <span class='ocrx_word' id='word_1_209' title='bbox 1322 1930 1504 1970; x_wconf 87' lang='lat' dir='ltr'><strong>Romanis</strong></span> <span class='ocrx_word' id='word_1_210' title='bbox 1530 1927 1643 1979; x_wconf 81' lang='lat' dir='ltr'><strong>oppi-</strong></span> 
     </span>
     <span class='ocr_line' id='line_1_29' title="bbox 358 1991 1643 2053; baseline -0.01 -11"><span class='ocrx_word' id='word_1_211' title='bbox 358 2004 453 2043; x_wconf 86' lang='lat' dir='ltr'><strong>dum</strong></span> <span class='ocrx_word' id='word_1_212' title='bbox 485 2001 729 2053; x_wconf 74' lang='lat' dir='ltr'><strong>capiebatur,</strong></span> <span class='ocrx_word' id='word_1_213' title='bbox 763 2000 829 2038; x_wconf 80' lang='lat' dir='ltr'><strong>nisi</strong></span> <span class='ocrx_word' id='word_1_214' title='bbox 855 2009 1012 2050; x_wconf 82' lang='lat' dir='ltr'><strong>repente</strong></span> <span class='ocrx_word' id='word_1_215' title='bbox 1035 1997 1190 2037; x_wconf 87' lang='lat' dir='ltr'><strong>funibus</strong></span> <span class='ocrx_word' id='word_1_216' title='bbox 1217 1994 1335 2045; x_wconf 87' lang='lat' dir='ltr'><strong>ruptis</strong></span> <span class='ocrx_word' id='word_1_217' title='bbox 1360 1994 1546 2032; x_wconf 65' lang='lat' dir='ltr'><strong>cataracta</strong></span> <span class='ocrx_word' id='word_1_218' title='bbox 1573 1991 1643 2030; x_wconf 85' lang='lat' dir='ltr'><strong>de-</strong></span> 
     </span>
     <span class='ocr_line' id='line_1_30' title="bbox 360 2057 1643 2105; baseline -0.01 0"><span class='ocrx_word' id='word_1_219' title='bbox 360 2064 526 2105; x_wconf 80' lang='lat' dir='ltr'><strong>cidisset.</strong></span> <span class='ocrx_word' id='word_1_220' title='bbox 556 2064 642 2103; x_wconf 92' lang='lat' dir='ltr'><strong>Duo</strong></span> <span class='ocrx_word' id='word_1_221' title='bbox 678 2061 798 2102; x_wconf 76' lang='lat' dir='ltr'><strong>millia</strong></span> <span class='ocrx_word' id='word_1_222' title='bbox 830 2061 952 2101; x_wconf 86' lang='lat' dir='ltr'><strong>ferme</strong></span> <span class='ocrx_word' id='word_1_223' title='bbox 986 2061 1229 2099; x_wconf 86' lang='lat' dir='ltr'><strong>intraverant.</strong></span> <span class='ocrx_word' id='word_1_224' title='bbox 1256 2057 1281 2095; x_wconf 89' lang='lat' dir='ltr'><strong>ii</strong></span> <span class='ocrx_word' id='word_1_225' title='bbox 1307 2068 1396 2094; x_wconf 86' lang='lat' dir='ltr'><strong>cum</strong></span> <span class='ocrx_word' id='word_1_226' title='bbox 1428 2066 1643 2105; x_wconf 87' lang='lat' dir='ltr'><strong>premeren-</strong></span> 
     </span>
     <span class='ocr_line' id='line_1_31' title="bbox 357 2118 1643 2174; baseline -0.012 -7"><span class='ocrx_word' id='word_1_227' title='bbox 357 2136 420 2168; x_wconf 84' lang='lat' dir='ltr'><strong>tur</strong></span> <span class='ocrx_word' id='word_1_228' title='bbox 441 2141 462 2166; x_wconf 86' lang='lat' dir='ltr'><strong>a</strong></span> <span class='ocrx_word' id='word_1_229' title='bbox 483 2126 689 2172; x_wconf 62' lang='lat' dir='ltr'><strong>Xanthus,</strong></span> <span class='ocrx_word' id='word_1_230' title='bbox 712 2137 838 2174; x_wconf 84' lang='lat' dir='ltr'><strong>neque</strong></span> <span class='ocrx_word' id='word_1_231' title='bbox 860 2122 1073 2162; x_wconf 87' lang='lat' dir='ltr'><strong>subducere</strong></span> <span class='ocrx_word' id='word_1_232' title='bbox 1102 2120 1176 2159; x_wconf 77' lang='lat' dir='ltr'><strong>sine</strong></span> <span class='ocrx_word' id='word_1_233' title='bbox 1201 2118 1354 2158; x_wconf 84' lang='lat' dir='ltr'><strong>funibus</strong></span> <span class='ocrx_word' id='word_1_234' title='bbox 1381 2128 1532 2167; x_wconf 82' lang='lat' dir='ltr'><strong>gravem</strong></span> <span class='ocrx_word' id='word_1_235' title='bbox 1556 2126 1643 2164; x_wconf 86' lang='lat' dir='ltr'><strong>por-</strong></span> 
     </span>
     <span class='ocr_line' id='line_1_32' title="bbox 360 2175 1646 2242; baseline -0.013 -10"><span class='ocrx_word' id='word_1_236' title='bbox 360 2203 466 2242; x_wconf 84' lang='lat' dir='ltr'><strong>tam,</strong></span> <span class='ocrx_word' id='word_1_237' title='bbox 493 2204 619 2241; x_wconf 88' lang='lat' dir='ltr'><strong>neque</strong></span> <span class='ocrx_word' id='word_1_238' title='bbox 649 2191 855 2230; x_wconf 87' lang='lat' dir='ltr'><strong>concidere</strong></span> <span class='ocrx_word' id='word_1_239' title='bbox 884 2191 1025 2227; x_wconf 68' lang='lat' dir='ltr'><strong>tectam</strong></span> <span class='ocrx_word' id='word_1_240' title='bbox 1052 2186 1151 2225; x_wconf 87' lang='lat' dir='ltr'><strong>ferro</strong></span> <span class='ocrx_word' id='word_1_241' title='bbox 1175 2182 1341 2235; x_wconf 68' lang='lat' dir='ltr'><strong>potierit,</strong></span> <span class='ocrx_word' id='word_1_242' title='bbox 1376 2180 1505 2219; x_wconf 86' lang='lat' dir='ltr'><strong>multis</strong></span> <span class='ocrx_word' id='word_1_243' title='bbox 1536 2175 1646 2217; x_wconf 83' lang='lat' dir='ltr'><strong>amis-</strong></span> 
     </span>
     <span class='ocr_line' id='line_1_33' title="bbox 359 2242 1643 2303; baseline -0.014 -8"><span class='ocrx_word' id='word_1_244' title='bbox 359 2256 404 2295; x_wconf 81' lang='lat' dir='ltr'><strong>fis</strong></span> <span class='ocrx_word' id='word_1_245' title='bbox 433 2257 471 2293; x_wconf 91' lang='lat' dir='ltr'><strong>in</strong></span> <span class='ocrx_word' id='word_1_246' title='bbox 502 2254 625 2293; x_wconf 85' lang='lat' dir='ltr'><strong>aedem</strong></span> <span class='ocrx_word' id='word_1_247' title='bbox 657 2251 890 2303; x_wconf 77' lang='lat' dir='ltr'><strong>Sarpedonis</strong></span> <span class='ocrx_word' id='word_1_248' title='bbox 922 2256 1192 2301; x_wconf 85' lang='lat' dir='ltr'><strong>penetrarunt,</strong></span> <span class='ocrx_word' id='word_1_249' title='bbox 1218 2245 1373 2295; x_wconf 72' lang='lat' dir='ltr'><strong>ejusque</strong></span> <span class='ocrx_word' id='word_1_250' title='bbox 1403 2242 1643 2281; x_wconf 80' lang='lat' dir='ltr'><strong>munimento</strong></span> 
     </span>
     <span class='ocr_line' id='line_1_34' title="bbox 360 2303 1641 2356; baseline -0.012 0"><span class='ocrx_word' id='word_1_251' title='bbox 360 2316 398 2356; x_wconf 86' lang='lat' dir='ltr'><strong>se</strong></span> <span class='ocrx_word' id='word_1_252' title='bbox 422 2315 635 2354; x_wconf 83' lang='lat' dir='ltr'><strong>tuebantur.</strong></span> <span class='ocrx_word' id='word_1_253' title='bbox 671 2315 745 2355; x_wconf 89' lang='lat' dir='ltr'><strong>Sed</strong></span> <span class='ocrx_word' id='word_1_254' title='bbox 772 2313 905 2352; x_wconf 79' lang='lat' dir='ltr'><strong>anxius</strong></span> <span class='ocrx_word' id='word_1_255' title='bbox 933 2313 982 2350; x_wconf 91' lang='lat' dir='ltr'><strong>de</strong></span> <span class='ocrx_word' id='word_1_256' title='bbox 1012 2310 1072 2349; x_wconf 82' lang='lat' dir='ltr'><strong>his</strong></span> <span class='ocrx_word' id='word_1_257' title='bbox 1108 2310 1271 2355; x_wconf 80' lang='lat' dir='ltr'><strong>Brutus,</strong></span> <span class='ocrx_word' id='word_1_258' title='bbox 1296 2307 1425 2345; x_wconf 82' lang='lat' dir='ltr'><strong>onmia</strong></span> <span class='ocrx_word' id='word_1_259' title='bbox 1456 2303 1641 2343; x_wconf 85' lang='lat' dir='ltr'><strong>tentando</strong></span> 
     </span>
     <span class='ocr_line' id='line_1_35' title="bbox 365 2361 1645 2421; baseline -0.013 -1"><span class='ocrx_word' id='word_1_260' title='bbox 365 2378 519 2420; x_wconf 79' lang='lat' dir='ltr'><strong>diversis</strong></span> <span class='ocrx_word' id='word_1_261' title='bbox 545 2377 716 2419; x_wconf 82' lang='lat' dir='ltr'><strong>aditibus</strong></span> <span class='ocrx_word' id='word_1_262' title='bbox 752 2377 898 2416; x_wconf 86' lang='lat' dir='ltr'><strong>invenit</strong></span> <span class='ocrx_word' id='word_1_263' title='bbox 927 2375 1039 2414; x_wconf 83' lang='lat' dir='ltr'><strong>viam.</strong></span> <span class='ocrx_word' id='word_1_264' title='bbox 1074 2372 1170 2421; x_wconf 84' lang='lat' dir='ltr'><strong>Alii,</strong></span> <span class='ocrx_word' id='word_1_265' title='bbox 1193 2369 1300 2409; x_wconf 77' lang='lat' dir='ltr'><strong>scalis</strong></span> <span class='ocrx_word' id='word_1_266' title='bbox 1330 2367 1506 2408; x_wconf 86' lang='lat' dir='ltr'><strong>inccndio</strong></span> <span class='ocrx_word' id='word_1_267' title='bbox 1531 2361 1645 2408; x_wconf 53' lang='lat' dir='ltr'><strong>amit}</strong></span> 
     </span>
    </p>
   </div>
   <div class='ocr_carea' id='block_1_3' title="bbox 411 2506 1281 2565">
    <p class='ocr_par' dir='ltr' id='par_1_5' title="bbox 411 2506 1281 2565">
     <span class='ocr_line' id='line_1_36' title="bbox 411 2506 1281 2565; baseline -0.009 -11"><span class='ocrx_word' id='word_1_268' title='bbox 411 2518 435 2565; x_wconf 84' lang='lat'>§</span> <span class='ocrx_word' id='word_1_269' title='bbox 457 2518 566 2555; x_wconf 78' lang='lat' dir='ltr'>XXV.</span> <span class='ocrx_word' id='word_1_270' title='bbox 588 2518 696 2552; x_wconf 78' lang='lat' dir='ltr'><strong>strab.</strong></span> <span class='ocrx_word' id='word_1_271' title='bbox 722 2516 811 2551; x_wconf 81' lang='lat' dir='ltr'><strong>Plut.</strong></span> <span class='ocrx_word' id='word_1_272' title='bbox 835 2516 856 2560; x_wconf 83' lang='lat'>§</span> <span class='ocrx_word' id='word_1_273' title='bbox 882 2506 1008 2549; x_wconf 68' lang='lat' dir='ltr'><strong>XXVI.</strong></span> <span class='ocrx_word' id='word_1_274' title='bbox 1032 2514 1176 2558; x_wconf 82' lang='lat' dir='ltr'><strong>Appian.</strong></span> <span class='ocrx_word' id='word_1_275' title='bbox 1197 2509 1281 2546; x_wconf 64' lang='lat' dir='ltr'><strong>Dio.</strong></span> 
     </span>
    </p>
   </div>
  </div>
 </body>
</html>
