1685 3042
231 202 312 250 ῙΝ
355 185 945 250 LocssL1B.cxx111
995 204 1141 251 ων.
1253 205 1345 264 267

79 324 180 364 quam
206 313 299 363 quod
328 312 461 350 abunde
485 310 585 348 nobis
602 309 844 361 praestiterunt,
871 309 1142 357 commilitones,
1160 313 1267 361 fidem
1299 312 1355 349 in-

75 383 129 409 ter
158 386 242 420 nos,
266 373 301 411 6³
325 373 462 426 optimae
480 371 561 424 spei
583 371 856 409 communionem.
887 371 986 409 Nam
1008 384 1046 409 ut
1070 373 1237 422 confidere
1260 374 1357 411 invi-

77 447 148 472 cem
165 435 368 480 debeamus,
384 436 538 486 societas
554 433 780 486 periculorum
802 434 918 485 ωρμ-
943 444 982 470 ut
1003 434 1148 471 velimus
1162 465 1175 481 ,
1198 436 1360 487 exsoluta

78 495 257 547 diligenter
279 495 442 549 promtffiz
475 495 641 549 efficient:
675 496 814 547 quando
839 507 905 532 vos
938 508 1072 546 operam
1088 526 1100 543 ‚
1128 507 1229 547 quam
1254 497 1362 533 erati-s

75 557 260 609 polliciti,
291 572 354 595 nos
395 558 536 609 praemia
575 558 819 609 praeflitimus,
851 569 926 607 quse
960 555 1057 605 fides
1091 556 1125 594 6³
1163 556 1364 607 inposterum

83 618 175 656 omni
197 633 262 657 nos
281 633 363 658 cura
388 619 532 656 invicem
557 618 725 656 liberabit.
752 618 838 670 Spes
861 627 973 654 autem
997 611 1209 668 utrorumque
1225 616 1364 668 filicem

80 680 162 718 belli
183 694 336 720 eventum
355 682 424 731 fibi
448 694 518 718 tam
541 695 584 718 ex
604 681 732 720 virtute
757 679 927 726 militum,
955 691 1058 730 quam
1083 678 1205 715 ducum
1219 708 1228 724 ,
1247 678 1365 715 vindi-

82 754 166 781 cat:
196 756 281 794 quos
305 742 396 780 tales
421 743 455 781 6⁸
480 754 601 781 tantos
623 742 720 780 viros
736 771 747 789 ‚
771 740 943 793 senatorii
975 753 1090 777 omnes
1114 739 1274 785 ordinis,
1301 753 1368 776 me-

83 818 159 842 cum
177 806 215 842 in
244 806 307 843 ltoc
327 805 488 859 fitggestu
511 806 670 858 stantes,
698 804 878 854 eademque
904 800 1006 838 vobis
1034 800 1151 838 omnia
1175 799 1259 837 meis
1290 814 1367 837 ver-

84 866 139 911 bis
164 866 342 918 afferentes
378 867 519 903 videtis.
551 866 611 903 De
638 876 810 917 apparatu
842 877 921 901 vero
956 862 1050 913 loqui
1070 863 1365 915 stipervacaneum

79 938 176 978 puto.
211 927 288 978 quis
315 927 403 965 enim
430 927 572 978 vestrtim
600 928 645 977 est
669 924 824 977 nescius,
842 923 1036 975 frumenti,
1058 936 1248 968 armorum,
1264 935 1369 974 pecu-

85 987 152 1025 niae
173 998 306 1038 quanta
329 998 457 1039 parata
471 987 520 1036 fit
546 986 666 1038 copia,
698 995 830 1037 quanta
852 998 932 1021 vero
955 983 1125 1028 navium,
1148 994 1281 1034 quanta
1303 997 1368 1020 au-

30 1073 32 1078 ·
85 1047 252 1085 xiliorum
276 1061 321 1084 ex
349 1058 400 1085 tot
417 1046 616 1084 nationibus
643 1057 743 1097 atque
768 1043 916 1096 regnis?
939 1042 1121 1094 Ecquibus
1143 1043 1230 1079 enim
1255 1042 1370 1079 verbis

83 1108 231 1146 excitari
267 1118 429 1160 poterunt
458 1107 588 1152 animi,
621 1120 708 1157 quos
738 1119 841 1156 neque
877 1117 1128 1156 apparatuum,
1167 1117 1273 1154 neque
1291 1102 1369 1153 spei

84 1168 275 1207 communis
311 1168 515 1221 magnitudo
544 1167 812 1218 inflammaverit
844 1167 894 1204 ad
921 1166 1138 1204 alacritatem
1165 1164 1200 1202 6»
1225 1179 1372 1203 concor—

86 1229 152 1270 diae
174 1230 327 1284 studium
342 1232 363 1268 ,Ρ

143 1300 254 1341 XIII.
281 1300 422 1352 Quibus
457 1300 556 1339 rebus
570 1301 609 1352 fi
630 1300 782 1338 Deorum
808 1297 975 1350 accefferit
1004 1296 1138 1349 favor,
1168 1311 1255 1348 quos
1279 1297 1374 1348 equi-

88 1361 163 1400 dem
188 1364 282 1401 bonae
307 1364 416 1415 causa:
451 1363 567 1400 merito
589 1360 700 1412 adeffe
729 1361 919 1406 credimus,
945 1359 1031 1410 quid
1061 1358 1126 1410 est,
1149 1361 1241 1409 quod
1264 1358 1372 1396 timeri

89 1438 112 1461 a
133 1437 303 1475 quoquam
335 1422 487 1461 debeat?
526 1423 624 1460 Nam
653 1422 697 1459 ab
721 1421 871 1473 hostibus
898 1418 1024 1471 objecla
1050 1420 1217 1470 quomodo
1234 1420 1275 1471 se
1301 1420 1370 1457 lta-

92 1483 221 1531 beant,
247 1483 392 1536 novistis
424 1485 508 1535 ipfi,·
536 1497 637 1535 eoque
664 1482 880 1533 promtiorem
905 1481 1006 1533 nobis:
1024 1480 1194 1531 obtulistis
1219 1493 1372 1531 operam,

92 1545 320 1596 navastisque.
356 1545 421 1596 fi‘d
448 1555 560 1582 tamen
586 1542 705 1595 referre
735 1543 898 1589 videtur,
928 1540 1020 1579 nunc
1052 1540 1155 1578 etiam
1187 1540 1290 1577 vobis
1310 1554 1376 1577 ex-

90 1607 241 1658 plicari,
259 1619 359 1657 quam
380 1607 547 1658 adversus
571 1604 700 1657 injusta
721 1618 838 1652 arma,
859 1605 894 1643 6³
916 1604 1041 1655 iniqua
1062 1603 1272 1641 inimicorum
1291 1603 1377 1640 odia

93 1666 308 1706 dimicemus.
348 1667 509 1719 Caesarem
532 1680 555 1702 a
585 1666 686 1703 nobis
718 1664 865 1717 occisum
889 1663 989 1716 ajunt
997 1679 1014 1712 ,·
1038 1677 1144 1715 neque
1169 1662 1373 1715 negabimus

83 1727 241 1779 jactum,
260 1741 326 1779 quo
348 1726 425 1778 jure
454 1727 572 1766 merito
593 1728 628 1766 δ’
644 1726 821 1779 poffitmus
837 1755 848 1774 ‚
875 1724 909 1763 ὃ*
930 1725 1087 1763 debemus
1107 1723 1265 1776 gloriari.
1280 1769 1283 1772 y
1296 1724 1375 1761 Nec

94 1793 184 1828 enim
210 1791 408 1840 simultates
438 1805 512 1828 cum
542 1804 578 1827 eo
610 1788 792 1841 geffimus,
814 1803 920 1840 neque
948 1788 1048 1826 nobis
1081 1786 1156 1839 ejus
1177 1788 1252 1825 vita
1275 1800 1375 1823 noce-

96 1853 158 1888 bat
168 1880 183 1898 ‚
199 1851 258 1901 qui
280 1850 413 1888 militiae
437 1851 594 1902 domique
615 1851 820 1887 honoratum
834 1849 932 1900 apud
949 1861 1023 1885 eum
1046 1847 1156 1884 locum
1176 1846 1372 1884 tenuimus:

89 1913 157 1965 sed
175 1912 236 1949 ille
255 1912 379 1964 gravis
403 1912 575 1959 libertati,
596 1911 719 1964 gravis
739 1910 932 1962 reipublicae
959 1908 1145 1946 incubabat
1159 1922 1175 1954 ‚-
1198 1920 1261 1959 per
1276 1919 1374 1958 quem

90 1975 225 2027 fabium
250 1987 323 2013 erat
339 2004 352 2021 ‚
378 1986 417 2012 ut
438 1974 517 2026 jam
536 1974 627 2026 leges
648 1986 765 2011 omnes
792 1973 1093 2018 conculcarentur,
1113 1984 1217 2021 neque
1235 1968 1379 2022 senatui
1422 1980 1428 1983 “

96 2039 307 2090 quidquam,
335 2052 440 2089 neque
467 2036 598 2089 populo
610 2035 706 2088 juris
731 2034 770 2073 in
794 2034 937 2074 civitate
964 2033 1216 2090 relinqueretur.

153 2108 258 2148 XIV.
287 2108 416 2147 Patriae
441 2109 544 2161 igitur
565 2108 689 2146 ultioni
710 2106 997 2145 commodavimus
1018 2115 1163 2148 manus,
1186 2115 1254 2139 non
1276 2100 1376 2152 igna-

100 2173 151 2217 ri,
168 2172 221 2222 fic
246 2188 269 2210 a
294 2170 482 2225 majoribus
515 2171 613 2208 nobis
643 2167 884 2219 traditam-effe
906 2168 1088 2205 libertatem
1104 2195 1116 2212 ‚
1147 2176 1187 2202 ut
1207 2162 1378 2201 retinenti-

101 2235 164 2272 bus
192 2235 254 2272 hoc
274 2235 450 2287 proprium
474 2232 509 2270 δ’
525 2243 718 2284 perpetuum
744 2231 865 2270 bonum
894 2228 969 2280 effi’t
979 2243 995 2275 ,·
1009 2230 1185 2280 prodentes
1206 2223 1240 2261 δ’
1264 2239 1308 2262 no
1336 2237 1377 2262 ra

93 2294 241 2348 stultitia
255 2324 266 2343 ‚
291 2294 327 2332 δ’
348 2306 509 2347 conceptae
523 2291 745 2346 jurejurando
764 2292 844 2329 dira:
863 2289 1033 2342 punirent.
1063 2288 1154 2325 Haec
1179 2286 1284 2338 igitur
1299 2299 1377 2322 :na-

103 2357 140 2395 la
153 2387 165 2403 ‚
191 2357 254 2394 has
282 2358 533 2410 imprecationes
551 2385 563 2403 ‚
581 2356 688 2407 nostro
709 2353 878 2406 periculo,
904 2351 1041 2404 publico
1065 2350 1235 2388 commodo
1264 2362 1288 2385 a
1312 2359 1381 2384 cer-

103 2418 235 2455 vicibus
264 2418 355 2455 urbis
380 2416 591 2469 depulimus,
621 2430 756 2467 regnare
786 2416 902 2453 Roma:
924 2427 964 2451 ne
996 2412 1139 2450 amicum
1166 2410 1321 2462 quidem,
1341 2407 1400 2464 δή

106 2480 140 2518 in
168 2494 230 2518 nos
258 2479 421 2519 liberalem
449 2480 557 2518 virum
572 2493 620 2531 pa
648 2479 683 2523 i,
708 2479 881 2530 postquam
908 2475 961 2513 ille
975 2472 1121 2527 patria,
1145 2489 1167 2512 a
1188 2485 1255 2524 qua
1275 2480 1376 2509 tanta
