1685 3042
327 207 419 237 ω
488 176 588 235 io,
622 187 1133 261 FRErNSHEMu
1168 183 1514 239 SUPPLEM.

323 296 427 336 Tum
462 293 667 341 centurio,
687 307 755 330 rem
791 307 923 346 aequam
950 294 1127 346 postulas:
1155 308 1237 332 nam
1272 296 1307 335 ἑ)
1327 307 1367 334 tu
1388 298 1544 350 firiptus
1569 310 1609 336 es

317 358 427 411 prior.
456 353 664 405 ambosque
692 354 888 394 interfecit
922 355 1068 394 ordine.

378 419 600 460 LXXXVI.
625 419 781 458 Vidit&
810 417 951 457 scelera
970 419 1179 469 conjugum
1198 418 1325 458 isthaec
1344 430 1455 460 aetas:
1482 423 1517 460 &
1544 421 1610 461 Se-

323 483 506 534 ptimium
533 480 690 531 quidem
713 492 810 519 uxor
837 478 1007 518 adultera
1023 509 1035 528 ‚
1053 492 1122 529 per
1141 480 1310 518 amicum
1323 481 1499 529 Antonii,
1516 474 1613 532 quos·

321 559 412 585 cum
435 544 602 592 habebat
623 543 739 594 stupri
762 541 1080 581 consuetudinem
1095 572 1107 590 ,
1128 542 1370 593 referendum
1397 544 1614 597 curai'ssssjn,

325 607 623 660 proscriptorum
637 604 806 653 tabulas;
825 607 859 644 ἂ
874 605 921 643 ad
942 604 979 642 se
993 604 1264 655 refugientem,
1281 604 1510 644 dissimulata
1525 618 1613 645 con-

323 671 502 717 scientia,
519 667 706 715 detinuit,
722 668 847 705 donec
873 665 1103 716 percussores
1130 664 1435 716 supervenirent:
1457 667 1615 706 eodem-

325 745 399 783 que
422 731 486 770 die
508 729 713 769 celebravit
738 739 827 766 cum
851 726 1027 766 adultero
1051 726 1219 776 nuptias.
1251 725 1459 775 Salaffum,
1478 721 1613 781 (quod

325 794 543 835 Curtiorum
571 799 873 841 cognomentum
900 788 977 836 est)
1005 791 1084 836 jam
1106 787 1277 839 elapsum
1308 801 1357 828 ex
1386 788 1505 838 urbe,
1531 784 1614 840 per‘ss

324 856 487 907 plexitas
520 853 666 892 consilii
700 852 839 890 eodem
861 851 1107 898 revocavit„
1126 850 1340 901 sperantem
1378 851 1521 890 interea
1547 863 1621 906 p09·

323 915 431 952 tui-sse
465 911 709 961 tempestates
741 926 804 950 eas
839 912 1054 951 detonare:
1088 910 1153 950 sed
1188 911 1254 951 nbi
1298 912 1402 952 venit
1437 913 1484 951 ad
1517 912 1618 951 aedes

323 975 434 1021 suas,
460 974 639 1012 venditas
676 973 817 1013 didicit
838 987 858 1013 a
888 975 1075 1024 janitore,
1099 975 1167 1023 qui
1192 985 1268 1012 una
1292 966 1416 1011 fue'rat
1446 974 1616 1012 transdi-

326 1045 411 1080 tus;
446 1039 479 1076 8(
506 1036 554 1075 ab
584 1035 725 1083 eodem
752 1036 790 1074 in
820 1035 959 1075 cellam
990 1047 1166 1086 receptus
1184 1065 1195 1083 ,
1222 1045 1383 1072 uxorem
1409 1032 1521 1072 acciri
1541 1033 1618 1083 jus-

326 1101 369 1148 [ιτ.
394 1113 440 1138 ex
467 1098 568 1138 illius
591 1097 749 1137 aedibus.
785 1095 877 1142 Illa,
902 1097 1058 1133 nonem
1088 1095 1264 1143 causata,
1293 1095 1504 1145 spopondit
1529 1095 1618 1148 affic-

325 1173 439 1197 mram
458 1160 650 1211 postridie,·
674 1155 883 1206 affuitque,
907 1156 972 1194 sed
1002 1167 1090 1194 cum
1117 1157 1409 1206 percussoribus.
1432 1158 1535 1207 quod
1551 1157 1617 1197 ille

326 1219 563 1272 prospiciens
588 1232 635 1257 ex
660 1218 818 1258 summis
838 1217 1010 1265 aedibus,
1028 1223 1102 1270 (eo
1125 1218 1226 1256 enim
1253 1218 1366 1256 taedio
1397 1230 1510 1256 morae
1530 1218 1620 1257 sub-

326 1282 448 1331 ierat)
477 1281 524 1320 de
548 1281 649 1320 tecto
671 1279 708 1333 se
732 1279 968 1330 praecipitem
1000 1279 1116 1318 dedit.
1159 1278 1340 1326 Fulvius,
1370 1279 1418 1318 ad
1446 1278 1616 1319 muiieris

324 1345 426 1384 aedes
456 1336 705 1393 confugiens,
731 1355 845 1392 quam
880 1341 1139 1382 concubinam
1174 1341 1277 1381 suam
1316 1341 1611 1393 manumiserat,

325 1416 566 1458 nuptumque
612 1406 784 1445 dotatam
829 1406 1020 1452 dederat,
1056 1404 1297 1444 oblivionem
1336 1404 1615 1445 beneficiorum

325 1470 519 1515 omnium,
538 1466 737 1516 solamque
759 1468 985 1506 memoriam
1008 1466 1290 1517 superinductae
1312 1466 1441 1505 uxoris
1458 1467 1618 1506 invenit.

382 1530 626 1572 LXXXVII.
656 1531 707 1569 At
729 1528 952 1568 militarium
983 1529 1154 1568 virorum
1179 1529 1318 1570 Statius
1350 1531 1523 1578 Samnis,
1554 1543 1622 1569 cu-

326 1595 388 1645 jus
415 1593 564 1644 egregia
597 1604 715 1643 opera
748 1591 875 1631 sociali
907 1591 1010 1631 bello
1048 1590 1266 1640 effulserat,
1290 1593 1431 1631 deinde
1460 1605 1617 1643 propter

329 1655 519 1708 egregiam
545 1654 700 1694 laudem
731 1654 925 1705 genusque
952 1655 987 1694 St
1016 1665 1109 1703 opes
1135 1653 1174 1691 in
1201 1652 1371 1693 senatum
1401 1655 1619 1695 Romanum

330 1719 565 1771 adscriptus,
588 1717 820 1768 octogesimo
846 1719 924 1766 jam
952 1717 1071 1755 aetatis
1095 1729 1194 1754 anno
1223 1715 1480 1767 proscriptum
1503 1717 1538 1756 se
1564 1719 1621 1757 di-

329 1782 436 1822 scens
454 1813 465 1829 ‚
493 1780 729 1830 diripiendas
759 1792 851 1830 opes
880 1777 962 1818 suas
993 1777 1137 1828 populo
1165 1777 1398 1828 familiaeque
1426 1779 1615 1830 permisit,

328 1843 450 1884 multa
472 1843 507 1882 «Sc
531 1840 612 1891 ipse
640 1840 713 1882 suis
740 1841 916 1879 manibus
951 1839 990 1877 in
1022 1838 1222 1889 publicum
1245 1839 1401 1888 jaciens.
1441 1839 1621 1880 Exinani.

329 1915 410 1946 tam
437 1905 577 1944 deinde
608 1904 769 1943 domum
803 1901 957 1950 clausit,
984 1902 1259 1952 incenditque:
1295 1915 1427 1953 rogum
1451 1902 1515 1941 fibi
1540 1902 1622 1942 effi·

331 1971 463 2016 ciens,
488 1980 563 2018 quo
591 1969 626 2007 &
661 1980 744 2018 pars
770 1966 872 2005 urbis
911 1965 1170 2015 conflagravit.
1214 1963 1352 2014 Capito
1389 1963 1622 2015 semiapertis

333 2031 481 2073 foribus
504 2029 667 2081 singulos
694 2028 921 2076 intromisit,
945 2028 1198 2077 confoditque
1222 2027 1379 2077 aliquot.
1408 2027 1622 2079 irrumpen-

334 2095 436 2134 tibus
455 2093 595 2132 deinde
615 2082 890 2139 multisffimul
905 2091 1188 2130 circumventus
1211 2089 1275 2129 est.
1301 2089 1516 2136 Vetulinus,
1541 2104 1622 2130 ma..

333 2168 405 2207 gna
429 2155 469 2193 in
492 2153 691 2204 Rhegienfi
720 2166 810 2203 agro
838 2166 953 2192 manu
976 2155 1124 2200 coacta,
1158 2153 1295 2208 partun
1321 2165 1367 2190 ex
1390 2151 1622 2203 proscriptis,

332 2217 471 2271 partim
499 2229 545 2256 ex
571 2216 781 2255 duodecim
810 2215 884 2254 illis
917 2215 1096 2263 urbibus,
1129 2227 1209 2263 quae
1234 2212 1498 2253 veteranorum
1531 2228 1622 2264 prae-

334 2280 424 2320 miis
455 2278 629 2318 destinari
659 2277 899 2325 fremebant,
940 2277 1082 2316 multos
1116 2275 1385 2325 intercipiebat
1423 2275 1620 2313 centurio·

334 2355 427 2391 nes;
453 2341 600 2386 donec,
624 2339 800 2379 adversus
816 2337 853 2378 se
879 2341 1023 2389 majore
1047 2338 1214 2378 exercitu
1243 2336 1373 2388 miss'o,
1390 2339 1543 2377 coactus
1565 2336 1618 2377 est

338 2406 378 2446 in
405 2401 574 2444 Siciliam
603 2402 639 2441 se
665 2404 843 2453 recipere.

383 2508 407 2554 S
433 2507 616 2544 LXXXVI.
644 2507 716 2542 cic.
742 2507 893 2543 familiar.
921 2507 962 2549 6,
993 2506 1043 2541 18.
1068 2506 1212 2551 Appia-u.
