1685 3042
198 191 488 258 1NsLOC.
538 203 667 251 Lm.
713 203 891 250 cxxv
925 203 1072 250 mv,
1221 218 1310 269 303

32 318 229 366 tuebatur,
265 319 300 356 δι
337 315 441 367 quod
475 313 572 352 inter
600 307 795 360 praesentia
832 307 931 347 mala
958 309 1104 359 semper
1132 308 1314 349 tolerabi-

31 378 103 417 lius
128 378 386 422 existimatur,
414 371 600 422 quidquid
621 369 733 409 abest.
771 370 907 417 Neque
932 382 1019 408 vero
1046 383 1179 420 parum
1199 370 1310 409 intel-

34 440 177 494 ligebat
205 439 348 486 Caesar,
367 436 460 486 quid
487 434 616 480 fieret3
641 440 705 471 aut
731 431 933 470 divifiones
955 443 1156 481 agrorum,
1179 445 1312 482 quam-

32 515 148 552 quam
170 502 314 540 faceret
338 498 441 547 ipse,
472 495 669 547 probabat.
709 506 781 532 nec
809 492 961 533 differre
992 494 1143 543 praemia
1171 494 1313 533 milites

31 563 294 612 patiebantur,
319 558 424 598 nullo
453 558 571 608 magis
596 565 770 606 tempore
794 553 1015 601 necessarii,
1039 562 1194 604 propter
1219 556 1315 594 Sex-

30 634 112 662 tum
143 625 179 662 &
201 621 390 662 Caffianos
419 620 560 665 duces,
585 618 647 668 qui
664 647 675 663 ,
703 617 799 655 mari
825 613 1007 666 praecluso
1024 645 1034 662 ‚
1055 615 1196 653 famem
1225 617 1313 655 urbi

34 687 70 725 ἃ
95 684 213 723 Italiae
248 682 503 722 minabantur.
546 680 616 718 His
643 677 692 716 ad
725 678 897 716 animum
927 677 1135 723 revocatis,
1166 688 1314 716 mutare

33 746 262 786 sententiam
288 743 419 784 Fulvia
438 745 473 782 ἃ
491 743 530 785 L.
550 741 736 782 Antonius
763 747 984 790 coeperunt,
1009 740 1066 786 ἅτ,
1083 738 1225 777 omissis
1253 751 1316 777 co-

30 809 171 857 loniis,
191 806 353 847 adversae
376 806 470 856 parti
492 804 529 843 se
556 803 714 842 tradere.
744 815 834 842 nam
859 805 894 842 δε
919 814 1077 849 eorum,
1106 800 1315 851 quipelle·

32 873 170 913 bantur
197 871 531 922 agris,‹s„n1ajorem
556 866 629 906 esse
659 879 861 906 numerum
891 864 1088 913 sciebant,
1116 866 1151 904 δι
1176 869 1224 903 ex
1248 866 1311 913 ju-

30 935 86 974 sto
111 932 244 972 dolore
273 931 524 981 judicabant,
555 929 739 968 acriorem
767 929 955 978 impetum
978 928 1070 967 fore.

94 995 184 1035 XII.
224 994 310 1034 Hoc
339 988 508 1043 praefidio
546 992 707 1030 animati
744 990 852 1037 Itali,
886 1003 975 1029 cum
1005 990 1140 1029 eadem
1176 987 1317 1027 sentire

28 1058 87 1098 M.
130 1058 339 1097 Antonium
382 1056 664 1101 existimarent,
701 1053 873 1103 spernere
927 1051 1078 1091 Caesaris
1112 1052 1319 1101 imperium

27 1127 253 1169 coeperunt:
283 1121 317 1158 ok
347 1116 525 1156 adversus
561 1122 761 1163 veteranos
796 1114 860 1150 sua
894 1114 993 1152 bona
1017 1113 1052 1152 vi
1080 1112 1205 1151 tueri.¹
1229 1111 1317 1151 Casu

26 1180 153 1220 lidum
191 1189 270 1218 erat
300 1178 439 1215 Fulviae
476 1175 701 1221 confilium3
741 1185 812 1212 nec
846 1173 1015 1223 effugere
1048 1173 1167 1214 Caesar
1202 1184 1319 1224 pote-

31 1250 114 1287 rat,
148 1237 242 1288 quin
278 1235 420 1274 invidia
456 1248 503 1272 ex
534 1247 643 1283 aequo
681 1234 858 1272 omnium
885 1243 1116 1274 oneraretur.
1147 1236 1248 1274 Nam
1279 1236 1318 1274 S:

29 1301 132 1340 illius
165 1299 348 1338 veteranis
374 1297 626 1348 persuadebat
657 1298 871 1342 Antonius,
896 1297 988 1334 nihil
1020 1310 1108 1347 opus
1138 1295 1201 1347 cffi-
1224 1296 1319 1333 divi-

29 1364 160 1401 dandis
184 1362 302 1412 agris:
321 1375 366 1398 ex
400 1359 541 1411 hostium
566 1357 803 1409 judicatorum
821 1356 1060 1407 facultatibus
1080 1356 1223 1407 praemia
1237 1372 1316 1409 per-

20 1425 118 1478 solvi
147 1423 316 1462 militibus
346 1420 467 1473 poffi:
498 1417 628 1464 simul,
655 1426 844 1468 quantum
877 1415 957 1456 aeris
992 1416 1084 1455 inde
1117 1417 1316 1458 redadmm

30 1486 141 1533 esset,
168 1492 352 1536 quantum
384 1481 514 1522 adhuc
538 1482 659 1531 redigi
691 1480 835 1530 posset,
863 1487 1046 1530 augentes
1074 1482 1224 1527 omnia,
1253 1494 1320 1520 ve..

28 1548 154 1598 risque
192 1546 397 1599 miscentes
421 1542 514 1582 falsa
530 1572 542 1588 ‚
575 1540 867 1590 computabant.
901 1542 1010 1591 Quod
1027 1543 1066 1592 fi
1082 1556 1124 1580 ne
1147 1543 1216 1580 haec
1235 1546 1320 1595 qui-

29 1613 103 1649 dem
133 1608 349 1662 sufficerent,
392 1607 562 1657 ingentem
597 1602 846 1641 ostendebant
883 1602 1054 1641 cumulum
1084 1617 1128 1642 ex
1154 1605 1321 1656 Asiatica·

21 1672 151 1724 praeda.
177 1669 247 1709 His
268 1667 411 1706 artibus
439 1664 559 1705 Caesar
585 1677 606 1704 a
635 1663 900 1714 possessoribus
930 1665 966 1703 δε
992 1666 1179 1704 veteranis
1196 1696 1206 1713 ‚
1232 1674 1319 1705 tan-

29 1745 147 1782 quam
179 1728 345 1778 utrisque
373 1727 602 1780 periculorum
628 1726 663 1764 G·
687 1726 842 1764 laborum
866 1727 985 1763 aur‘lor
1007 1725 1315 1776 vituperabatur3

31 1792 237 1833 Antoniani
265 1790 303 1828 in
324 1788 446 1828 oculis
475 1800 519 1826 ac
557 1787 678 1838 pretio
705 1795 832 1834 erant,
858 1787 920 1837 qui
946 1799 1069 1837 neque
1100 1786 1318 1837 spoliabant

30 1854 168 1893 alteros
183 1883 194 1900 ‚
218 1854 254 1892 ὃς
278 1851 402 1890 alteris
424 1849 650 1890 cumulatim
672 1850 824 1899 praemia
849 1850 1044 1900 praestituri
1068 1851 1315 1893 videbantur.

89 1916 197 1956 XIII.
232 1915 361 1954 Dubia
390 1913 532 1959 fiebant
561 1911 791 1968 adolescenti
819 1921 1015 1963 tempora,
1042 1921 1099 1952 tot
1124 1914 1165 1952 in
1196 1927 1318 1955 unum.

32 1976 350 2017 concurrentibus
379 1975 699 2023 difficultatibus,
728 1984 771 2014 ut
801 1974 1009 2023 cujuslibet
1039 1977 1209 2014 veterani
1234 1977 1318 2015 im-

30 2042 216 2093 peratoris
242 2038 416 2078 adultam
445 2040 523 2087 jam
557 2039 592 2077 &
616 2038 880 2076 auetoritatem
911 2037 1208 2087 &prudentiam
1244 2051 1315 2089 op.

29 2103 203 2156 pressurae
232 2103 461 2142 viderentur.
497 2102 607 2141 Mare
645 2100 817 2141 Siculum
845 2101 1061 2150 pompejus
1081 2100 1308 2142 obtinebat:

31 2168 102 2207 Cn.
122 2166 311 2206 Domitius
338 2164 614 2205 Ahenobarbus
633 2193 644 2212 ,
668 2163 869 2214 semetipso
898 2171 1101 2203 contentus
1132 2166 1312 2212 auom-e,

28 2240 120 2266 cum
145 2227 193 2265 ad
222 2226 448 2275 Pompejum
487 2224 524 2264 se
554 2224 710 2264 Murcus
728 2223 972 2275 applicaret,
1001 2232 1042 2263 ut
1076 2224 1191 2274 paulo
1226 2225 1310 2274 post

32 2289 266 2336 seferemus,
307 2286 461 2326 classem
505 2285 599 2325 olim
642 2284 880 2325 commissam
925 2284 1112 2336 augebat,
1153 2285 1311 2332 Joniam

31 2350 240 2390 obtinens:
268 2349 419 2389 Italiam
449 2348 704 2398 infrequentia
729 2347 919 2388 cultorum
944 2356 1098 2398 propter
1123 2348 1309 2387 continua

31 2409 152 2459 bella,
182 2412 217 2450 δι
243 2423 374 2449 recens
402 2409 482 2450 haee
507 2422 684 2461 agrorum
710 2409 841 2449 divisio
868 2410 916 2450 ad
944 2409 1175 2448 sterilitatem
1198 2408 1307 2447 rede-

78 2534 103 2579 ἓ
127 2534 187 2571 xl.
211 2534 320 2572 Tacit.
340 2535 487 2582 Appian.
508 2535 589 2573 Dio.
605 2534 696 2573 Flet.
723 2546 766 2579 4,
788 2543 817 2578 ς.
839 2532 861 2579 5
888 2531 965 2570 XII.
991 2531 1068 2569 Liv.
1086 2530 1178 2577 Epit.
1197 2529 1281 2568 Diofl
