1685 3042
202 197 283 243 rN
330 196 495 243 LOC.
541 193 679 241 ΜΒ.
732 195 927 240 cxxiii
976 197 1122 240 mv,
1225 192 1312 251 265

46 302 218 343 bendum
256 304 618 355 expediendumque
659 303 859 350 trajee‘tum
901 301 948 340 ab
989 301 1048 339 his
1086 298 1322 345 desudatur;

45 365 251 404 Norbanus
280 367 315 405 &
346 367 441 405 Saxa
466 377 555 403 cum
579 363 652 403 suis
678 362 920 414 legionibus,
948 365 1056 401 omni
1084 361 1322 403 Macedonia

44 426 171 466 versus
199 427 432 476 Thraciam,
469 425 587 477 spatio
619 424 723 464 mille
757 426 1056 476 quingentorum
1090 424 1325 467 stadiorum,

46 489 97 528 ad
126 490 325 542 Pangaeum
362 488 479 538 usque
502 497 675 527 montem
701 487 880 536 emenso,
906 495 1008 527 trans
1030 486 1225 535 Philippos
1254 495 1325 532 po-

45 548 201 589 suerunt
219 551 335 590 castra
348 581 358 600 ,
378 552 417 589 in
432 548 682 600 Turpilorum
707 552 742 589 &
757 551 976 600 Sapaeorum
998 547 1199 597 angustiis,
1217 543 1326 595 quod

46 623 168 651 unum
202 613 331 652 tritum
365 612 415 651 est
449 613 518 651 iter
547 613 587 651 in
620 613 810 663 Europam
839 625 885 651 ex
908 601 1000 651 'Afra
1032 607 1330 648 transeuntibus.

47 673 276 722 Symbolum
308 675 338 713 is
363 674 470 713 locus
499 674 708 713 vocabatur
724 705 735 722 ,
763 675 867 724 quod
891 674 945 712 ibi
969 680 1119 714 montes
1149 671 1226 710 duo
1248 682 1328 708 ma-

48 737 139 786 gni,
171 739 274 777 arcto
301 738 479 787 utrinque
512 737 643 777 relicto
671 737 850 785 transltu,
882 737 1190 776 committuntur.
1222 733 1328 772 Inte-

47 798 125 837 rius
149 799 189 836 in
220 811 358 850 campo
388 798 586 838 montibus
621 800 861 838 circumdato
887 797 1053 847 Philippi
1088 798 1244 846 jacent:
1275 792 1329 831 ad

50 873 155 900 mare
180 862 363 912 Neapolis
393 861 549 902 obversa
574 861 699 902 Thaso
733 860 890 910 insulae,
926 873 1029 899 nunc
1067 870 1220 910 quoque
1251 868 1330 894 no-

49 935 140 962 men
168 927 370 975 antiquum
391 926 590 973 retinenti,
619 939 701 975 quae
725 938 926 976 perperam
951 923 1056 975 apud
1078 920 1347 963 Ptolemaeum.

52 985 231 1035 Thalaffilz
255 986 437 1026 scribitur.
1342 1032 1344 1035 ι

123 1046 225 1087 VIII.
262 1048 338 1088 Hic
365 1049 507 1099 primus
537 1047 732 1099 oppofitus
756 1048 808 1086 est
843 1047 942 1087 obex
970 1046 1092 1087 Cassio
1124 1048 1158 1085 8:
1182 1045 1297 1084 Bruto
1317 1073 1330 1090 ‚

51 1106 199 1147 Sestum
231 1109 418 1161 Abydeno
446 1110 543 1149 freto
566 1111 840 1163 (Dardanellos
872 1110 988 1148 hodie
1013 1108 1182 1160 vocant)
1211 1116 1330 1145 trans-

51 1171 170 1218 jeffis.
207 1170 295 1220 Quo
325 1180 498 1222 tempore
525 1182 740 1210 memorant
775 1171 959 1210 horribile
983 1171 1104 1210 visum
1132 1169 1331 1219 objectum

54 1232 172 1271 Bruto
206 1233 327 1274 fuisse.
370 1234 481 1274 Forte
521 1235 576 1273 vir
610 1234 736 1273 somni
773 1234 1032 1284 parcissimus,
1069 1235 1105 1273 δε
1136 1230 1331 1283 praesentia

53 1294 211 1334 volvens
237 1295 387 1342 animo,
413 1294 571 1337 multam
595 1298 634 1335 in
661 1298 816 1335 noctem
840 1295 1067 1334 lucubrabat
1083 1324 1094 1342 ,
1117 1306 1206 1332 cum
1229 1293 1330 1331 fores

54 1370 248 1408 crepuere.
309 1358 491 1408 Respexit
537 1358 630 1407 ille,
664 1359 787 1410 (nam
824 1358 890 1397 sub
929 1358 1081 1396 tertiam
1110 1355 1280 1406 vigiliam
1307 1365 1331 1391 a

54 1419 343 1458 centurionibus
378 1422 414 1458 δε
450 1418 610 1458 tribunis
634 1420 729 1458 adiri
751 1418 1025 1471 consueverat)
1057 1430 1147 1457 curn
1171 1416 1332 1455 affistere

53 1481 122 1520 fibi
148 1481 339 1531 specstrum
358 1482 512 1532 ingenti·
532 1483 568 1521 δε
591 1480 766 1521 horribili
789 1480 913 1531 specie
940 1481 1048 1519 vidit.
1078 1478 1332 1526 sustinuitque

55 1556 188 1593 rogare
205 1574 216 1591 ,
246 1544 325 1596 quis
354 1544 452 1595 cffbt,
475 1555 539 1582 aut
564 1558 633 1595 qua
661 1544 770 1594 causa
793 1541 970 1594 venfft?
998 1538 1238 1590 Responsum
1255 1538 1330 1586 est,

54 1605 183 1643 malum
206 1604 281 1658 ejus
303 1606 440 1656 genium
468 1605 530 1657 ff
545 1634 556 1653 ,
585 1605 772 1642 videndum
797 1604 918 1642 iterum
948 1603 1146 1656 Philippis.
1183 1600 1245 1640 cui
1267 1599 1333 1638 ille

56 1668 357 1716 imperterritus,
381 1666 506 1705 videbo
521 1697 531 1714 ,
554 1665 691 1716 inquit.

109 1729 181 1769 IX.
204 1730 253 1768 At
277 1728 443 1776 Caffius,
466 1728 660 1778 Epicureae
683 1727 878 1767 sententiae
911 1726 1096 1775 sectator,
1116 1724 1176 1764 cui
1209 1724 1334 1775 prima

55 1791 144 1829 luce
171 1790 364 1840 profectus
391 1790 441 1828 ad
467 1802 556 1828 eum
586 1790 722 1829 Brutus
753 1803 833 1828 rem
870 1789 1122 1840 exposuerat,
1150 1788 1244 1826 curis
1276 1799 1333 1824 at-

54 1866 118 1904 que
141 1852 411 1905 cogitationibus
437 1851 477 1890 id
510 1860 635 1891 totum
664 1851 894 1902 imputavit,
924 1852 1048 1904 quibus
1068 1851 1228 1904 agitatus
1254 1849 1332 1887 ani-

55 1928 132 1952 mus
164 1913 331 1967 ejufinodi
344 1913 415 1963 sibi
439 1914 606 1951 miracula
633 1913 704 1966 ipse
738 1909 926 1952 velz'ementi
959 1913 1211 1966 imaginatione
1231 1913 1333 1964 figu-

55 1990 155 2016 raret.
198 1978 318 2028 Igitur
344 1976 418 2016 hac
453 1977 602 2027 abjecta
637 1980 673 2018 δε
704 1977 863 2029 seposita
891 1977 1171 2024 sollicitudine,
1197 1975 1245 2014 de
1267 1988 1335 2014 ra-

53 2042 163 2080 tione
186 2041 355 2087 itineris,
384 2040 489 2090 quod
513 2054 589 2091 prae
612 2054 729 2080 manu
748 2051 851 2090 erat,
875 2041 1007 2092 agitari
1031 2052 1215 2090 coeptum.
1241 2038 1330 2078 Duo

55 2103 118 2143 his
148 2103 386 2154 temporibus
408 2103 602 2142 Thracum
623 2104 843 2153 Sapaeorum
864 2113 971 2142 erant
990 2101 1136 2152 reguli,
1161 2100 1333 2141 Rhaseus

60 2169 96 2206 ἅ
130 2165 383 2215 Rhascupolis
411 2165 570 2212 fratres,
605 2164 669 2214 qui
701 2163 839 2204 callido
871 2163 1053 2212 consilio,
1086 2171 1129 2201 ut
1157 2161 1250 2201 alter
1283 2173 1333 2201 ex

59 2236 199 2269 eventu
222 2226 381 2267 salutem
410 2225 519 2266 alteri
545 2238 565 2265 a
589 2226 732 2265 viciore
749 2225 985 2276 impetraret,
1011 2223 1227 2273 conjunffis
1252 2221 1334 2260 ani-

62 2292 159 2340 mis,
183 2291 282 2330 vires
318 2289 546 2337 diviserant,
582 2301 673 2327 cum
704 2289 820 2327 ternis
861 2288 1034 2339 equitum
1066 2284 1234 2325 millibus
1265 2284 1331 2324 hic

107 2423 131 2469 §
155 2425 233 2458 vll.
255 2424 336 2458 Dio.
358 2426 503 2469 Appian.
528 2424 616 2456 Plut.
638 2424 671 2456 in
690 2423 782 2455 Brut.
800 2434 828 2455 c.
850 2432 900 2460 54.
919 2421 940 2465 5
958 2419 1050 2453 VIII.
1068 2417 1218 2451 Orthel’xi
1239 2414 1328 2450 thes.

58 2470 190 2556 33?ng
209 2469 297 2539 plut.
317 2472 350 2503 in
378 2472 469 2504 Brut.
497 2481 525 2502 c.
557 2480 608 2505 52·
633 2469 780 2512 Appiam.
805 2467 925 2499 (Elian.
959 2465 1034 2499 hist.
1054 2464 1186 2497 animal.
1210 2473 1256 2505 2,
1276 2460 1330 2504 46·
