<?xml version="1.0" encoding="UTF-8"?>
<!DOCTYPE html PUBLIC "-//W3C//DTD XHTML 1.0 Transitional//EN"
    "http://www.w3.org/TR/xhtml1/DTD/xhtml1-transitional.dtd">
<html xmlns="http://www.w3.org/1999/xhtml" xml:lang="en" lang="en">
 <head>
  <title>
</title>
<meta http-equiv="Content-Type" content="text/html;charset=utf-8" />
  <meta name='ocr-system' content='tesseract 3.04.00' />
  <meta name='ocr-capabilities' content='ocr_page ocr_carea ocr_par ocr_line ocrx_word'/>
</head>
<body>
  <div class='ocr_page' id='page_1' title='image "./historiarumlibri11livyuoft_0078.png"; bbox 0 0 1685 3042; ppageno 0'>
   <div class='ocr_carea' id='block_1_1' title="bbox 304 220 1492 286">
    <p class='ocr_par' dir='ltr' id='par_1_1' title="bbox 304 220 1492 286">
     <span class='ocr_line' id='line_1_1' title="bbox 304 220 1492 286; baseline -0.001 -17"><span class='ocrx_word' id='word_1_1' title='bbox 304 237 367 286; x_wconf 84' lang='lat'>70</span> <span class='ocrx_word' id='word_1_2' title='bbox 466 221 559 272; x_wconf 72' lang='lat' dir='ltr'>ro,</span> <span class='ocrx_word' id='word_1_3' title='bbox 600 220 1093 268; x_wconf 80' lang='lat' dir='ltr'>FRE1NSHEM11</span> <span class='ocrx_word' id='word_1_4' title='bbox 1139 221 1492 269; x_wconf 66' lang='lat' dir='ltr'>SUPPLEM.</span> 
     </span>
    </p>
   </div>
   <div class='ocr_carea' id='block_1_2' title="bbox 298 327 1593 2422">
    <p class='ocr_par' dir='ltr' id='par_1_2' title="bbox 298 327 1593 2417">
     <span class='ocr_line' id='line_1_2' title="bbox 305 327 1588 382; baseline 0.002 -15"><span class='ocrx_word' id='word_1_5' title='bbox 305 330 394 380; x_wconf 81' lang='lat' dir='ltr'>pius</span> <span class='ocrx_word' id='word_1_6' title='bbox 418 327 534 368; x_wconf 90' lang='lat' dir='ltr'>colles</span> <span class='ocrx_word' id='word_1_7' title='bbox 549 359 561 377; x_wconf 86' lang='lat'>‚</span> <span class='ocrx_word' id='word_1_8' title='bbox 585 328 748 379; x_wconf 81' lang='lat' dir='ltr'>spatium</span> <span class='ocrx_word' id='word_1_9' title='bbox 771 329 1014 382; x_wconf 75' lang='lat' dir='ltr'>interjee&#39;rum</span> <span class='ocrx_word' id='word_1_10' title='bbox 1036 327 1267 380; x_wconf 85' lang='lat' dir='ltr'>uliginosum</span> <span class='ocrx_word' id='word_1_11' title='bbox 1293 338 1394 376; x_wconf 81' lang='lat' dir='ltr'>erat,</span> <span class='ocrx_word' id='word_1_12' title='bbox 1419 330 1499 368; x_wconf 88' lang='lat' dir='ltr'>rivo</span> <span class='ocrx_word' id='word_1_13' title='bbox 1518 341 1588 380; x_wconf 72' lang='lat' dir='ltr'>pet</span> 
     </span>
     <span class='ocr_line' id='line_1_3' title="bbox 306 391 1588 443; baseline 0.001 -13"><span class='ocrx_word' id='word_1_14' title='bbox 306 392 506 431; x_wconf 86' lang='lat' dir='ltr'>coenosum</span> <span class='ocrx_word' id='word_1_15' title='bbox 532 394 568 432; x_wconf 64' lang='grc' dir='ltr'>ὃς</span> <span class='ocrx_word' id='word_1_16' title='bbox 595 392 796 443; x_wconf 88' lang='lat' dir='ltr'>palustrem</span> <span class='ocrx_word' id='word_1_17' title='bbox 822 391 954 431; x_wconf 90' lang='lat' dir='ltr'>locum</span> <span class='ocrx_word' id='word_1_18' title='bbox 985 392 1221 431; x_wconf 83' lang='lat' dir='ltr'>decurrente.</span> <span class='ocrx_word' id='word_1_19' title='bbox 1261 392 1319 431; x_wconf 80' lang='lat' dir='ltr'>lta</span> <span class='ocrx_word' id='word_1_20' title='bbox 1353 392 1499 442; x_wconf 78' lang='lat' dir='ltr'>duplici</span> <span class='ocrx_word' id='word_1_21' title='bbox 1529 392 1588 431; x_wconf 70' lang='lat' dir='ltr'>lo.</span> 
     </span>
     <span class='ocr_line' id='line_1_4' title="bbox 307 454 1587 506; baseline 0.002 -14"><span class='ocrx_word' id='word_1_22' title='bbox 307 466 442 493; x_wconf 86' lang='lat' dir='ltr'>corum</span> <span class='ocrx_word' id='word_1_23' title='bbox 471 455 603 494; x_wconf 84' lang='lat' dir='ltr'>favore</span> <span class='ocrx_word' id='word_1_24' title='bbox 637 456 892 506; x_wconf 83' lang='lat' dir='ltr'>Pompejanos</span> <span class='ocrx_word' id='word_1_25' title='bbox 921 454 1095 494; x_wconf 79' lang='lat' dir='ltr'>defensos</span> <span class='ocrx_word' id='word_1_26' title='bbox 1125 464 1254 495; x_wconf 88' lang='lat' dir='ltr'>tamen</span> <span class='ocrx_word' id='word_1_27' title='bbox 1285 455 1440 505; x_wconf 80' lang='lat' dir='ltr'>aggredi</span> <span class='ocrx_word' id='word_1_28' title='bbox 1467 454 1587 495; x_wconf 73' lang='lat' dir='ltr'>Caesat*</span> 
     </span>
     <span class='ocr_line' id='line_1_5' title="bbox 305 516 1591 567; baseline 0.001 -12"><span class='ocrx_word' id='word_1_29' title='bbox 305 516 460 566; x_wconf 85' lang='lat' dir='ltr'>statuit,</span> <span class='ocrx_word' id='word_1_30' title='bbox 482 517 615 557; x_wconf 70' lang='lat' dir='ltr'>tessera</span> <span class='ocrx_word' id='word_1_31' title='bbox 646 519 787 558; x_wconf 83' lang='lat' dir='ltr'>Veneris</span> <span class='ocrx_word' id='word_1_32' title='bbox 818 517 1035 567; x_wconf 80' lang='lat' dir='ltr'>proposlta,</span> <span class='ocrx_word' id='word_1_33' title='bbox 1059 529 1148 556; x_wconf 89' lang='lat' dir='ltr'>cum</span> <span class='ocrx_word' id='word_1_34' title='bbox 1174 517 1379 567; x_wconf 88' lang='lat' dir='ltr'>Pompejus</span> <span class='ocrx_word' id='word_1_35' title='bbox 1407 517 1457 556; x_wconf 86' lang='lat' dir='ltr'>ad</span> <span class='ocrx_word' id='word_1_36' title='bbox 1488 517 1591 556; x_wconf 82' lang='lat' dir='ltr'>exci-</span> 
     </span>
     <span class='ocr_line' id='line_1_6' title="bbox 305 577 1588 629; baseline 0 -13"><span class='ocrx_word' id='word_1_37' title='bbox 305 579 463 618; x_wconf 82' lang='lat' dir='ltr'>tandam</span> <span class='ocrx_word' id='word_1_38' title='bbox 484 581 603 629; x_wconf 84' lang='lat' dir='ltr'>patris</span> <span class='ocrx_word' id='word_1_39' title='bbox 636 579 862 618; x_wconf 78' lang='lat' dir='ltr'>memoriam</span> <span class='ocrx_word' id='word_1_40' title='bbox 888 579 1061 616; x_wconf 79' lang='lat' dir='ltr'>Pietatem</span> <span class='ocrx_word' id='word_1_41' title='bbox 1087 577 1160 617; x_wconf 87' lang='lat' dir='ltr'>suis</span> <span class='ocrx_word' id='word_1_42' title='bbox 1189 578 1359 619; x_wconf 73' lang='lat' dir='ltr'>dedisset.</span> <span class='ocrx_word' id='word_1_43' title='bbox 1383 578 1588 622; x_wconf 84' lang='lat' dir='ltr'>Tredecim</span> 
     </span>
     <span class='ocr_line' id='line_1_7' title="bbox 307 639 1591 692; baseline -0.004 -12"><span class='ocrx_word' id='word_1_44' title='bbox 307 639 514 691; x_wconf 79' lang='lat' dir='ltr'>Pompejus</span> <span class='ocrx_word' id='word_1_45' title='bbox 538 641 710 692; x_wconf 73' lang='lat' dir='ltr'>Iegiones</span> <span class='ocrx_word' id='word_1_46' title='bbox 734 641 773 681; x_wconf 88' lang='lat' dir='ltr'>in</span> <span class='ocrx_word' id='word_1_47' title='bbox 800 639 977 691; x_wconf 80' lang='lat' dir='ltr'>proeiium</span> <span class='ocrx_word' id='word_1_48' title='bbox 1012 640 1247 689; x_wconf 80' lang='lat' dir='ltr'>deduxerat,</span> <span class='ocrx_word' id='word_1_49' title='bbox 1268 641 1438 691; x_wconf 81' lang='lat' dir='ltr'>equitatu</span> <span class='ocrx_word' id='word_1_50' title='bbox 1464 639 1591 678; x_wconf 65' lang='lat' dir='ltr'>lateri÷</span> 
     </span>
     <span class='ocr_line' id='line_1_8' title="bbox 307 700 1590 750; baseline -0.002 -8"><span class='ocrx_word' id='word_1_51' title='bbox 307 700 382 742; x_wconf 88' lang='lat' dir='ltr'>bus</span> <span class='ocrx_word' id='word_1_52' title='bbox 419 703 674 750; x_wconf 72' lang='lat' dir='ltr'>circumfuso,</span> <span class='ocrx_word' id='word_1_53' title='bbox 702 705 737 742; x_wconf 74' lang='grc' dir='ltr'><strong>ἃ</strong></span> <span class='ocrx_word' id='word_1_54' title='bbox 770 702 846 742; x_wconf 86' lang='lat' dir='ltr'>levi</span> <span class='ocrx_word' id='word_1_55' title='bbox 880 710 1096 749; x_wconf 83' lang='lat' dir='ltr'>armatura,</span> <span class='ocrx_word' id='word_1_56' title='bbox 1120 702 1183 740; x_wconf 77' lang='lat' dir='ltr'>sex</span> <span class='ocrx_word' id='word_1_57' title='bbox 1212 702 1375 740; x_wconf 80' lang='lat' dir='ltr'>millium</span> <span class='ocrx_word' id='word_1_58' title='bbox 1407 714 1590 748; x_wconf 15' lang='lat' dir='ltr'>numeror,</span> 
     </span>
     <span class='ocr_line' id='line_1_9' title="bbox 309 763 1592 815; baseline -0.001 -13"><span class='ocrx_word' id='word_1_59' title='bbox 309 764 451 813; x_wconf 87' lang='lat' dir='ltr'>quibus</span> <span class='ocrx_word' id='word_1_60' title='bbox 478 777 598 815; x_wconf 86' lang='lat' dir='ltr'>prope</span> <span class='ocrx_word' id='word_1_61' title='bbox 628 764 790 804; x_wconf 86' lang='lat' dir='ltr'>alterum</span> <span class='ocrx_word' id='word_1_62' title='bbox 822 773 970 803; x_wconf 80' lang='lat' dir='ltr'>tantum</span> <span class='ocrx_word' id='word_1_63' title='bbox 996 763 1149 803; x_wconf 82' lang='lat' dir='ltr'>acceffit</span> <span class='ocrx_word' id='word_1_64' title='bbox 1177 764 1235 813; x_wconf 49' lang='lat' dir='ltr'>ab,</span> <span class='ocrx_word' id='word_1_65' title='bbox 1253 765 1498 804; x_wconf 79' lang='lat' dir='ltr'>auxiliaribus</span> <span class='ocrx_word' id='word_1_66' title='bbox 1523 765 1592 804; x_wconf 65' lang='lat' dir='ltr'>Hi-</span> 
     </span>
     <span class='ocr_line' id='line_1_10' title="bbox 309 824 1591 877; baseline 0.002 -13"><span class='ocrx_word' id='word_1_67' title='bbox 309 824 436 876; x_wconf 82' lang='lat' dir='ltr'>spanis</span> <span class='ocrx_word' id='word_1_68' title='bbox 465 827 706 877; x_wconf 81' lang='lat' dir='ltr'>Maurisque:</span> <span class='ocrx_word' id='word_1_69' title='bbox 734 827 834 866; x_wconf 81' lang='lat' dir='ltr'>filios</span> <span class='ocrx_word' id='word_1_70' title='bbox 862 827 965 865; x_wconf 84' lang='lat' dir='ltr'>euim</span> <span class='ocrx_word' id='word_1_71' title='bbox 997 825 1083 865; x_wconf 88' lang='lat' dir='ltr'>suos</span> <span class='ocrx_word' id='word_1_72' title='bbox 1108 827 1294 875; x_wconf 70' lang='lat' dir='ltr'>Pompeio</span> <span class='ocrx_word' id='word_1_73' title='bbox 1328 839 1392 864; x_wconf 79' lang='lat' dir='ltr'>rex</span> <span class='ocrx_word' id='word_1_74' title='bbox 1416 825 1591 866; x_wconf 81' lang='lat' dir='ltr'>Bocchus</span> 
     </span>
     <span class='ocr_line' id='line_1_11' title="bbox 310 887 1592 938; baseline 0.002 -13"><span class='ocrx_word' id='word_1_75' title='bbox 310 887 455 932; x_wconf 79' lang='lat' dir='ltr'>auxilio</span> <span class='ocrx_word' id='word_1_76' title='bbox 492 888 671 937; x_wconf 75' lang='lat' dir='ltr'>miserat3</span> <span class='ocrx_word' id='word_1_77' title='bbox 697 902 787 928; x_wconf 82' lang='lat' dir='ltr'>cum</span> <span class='ocrx_word' id='word_1_78' title='bbox 820 888 1052 928; x_wconf 81' lang='lat' dir='ltr'>adversarius</span> <span class='ocrx_word' id='word_1_79' title='bbox 1078 889 1161 937; x_wconf 88' lang='lat' dir='ltr'>ejus</span> <span class='ocrx_word' id='word_1_80' title='bbox 1182 887 1318 938; x_wconf 84' lang='lat' dir='ltr'>Bogud</span> <span class='ocrx_word' id='word_1_81' title='bbox 1349 887 1390 925; x_wconf 87' lang='lat' dir='ltr'>in</span> <span class='ocrx_word' id='word_1_82' title='bbox 1413 887 1592 938; x_wconf 71' lang='lat' dir='ltr'>praefidiis</span> 
     </span>
     <span class='ocr_line' id='line_1_12' title="bbox 313 949 1497 989; baseline 0 0"><span class='ocrx_word' id='word_1_83' title='bbox 313 949 467 989; x_wconf 77' lang='lat' dir='ltr'>Caesaris</span> <span class='ocrx_word' id='word_1_84' title='bbox 495 950 600 989; x_wconf 77' lang='lat' dir='ltr'>esset.</span> <span class='ocrx_word' id='word_1_85' title='bbox 1491 963 1497 969; x_wconf 87' lang='grc'><em>’</em></span> 
     </span>
     <span class='ocr_line' id='line_1_13' title="bbox 377 1010 1592 1062; baseline -0.003 -9"><span class='ocrx_word' id='word_1_86' title='bbox 377 1013 469 1053; x_wconf 86' lang='lat' dir='ltr'><strong>LII.</strong></span> <span class='ocrx_word' id='word_1_87' title='bbox 511 1013 689 1052; x_wconf 85' lang='lat' dir='ltr'>Ceterum</span> <span class='ocrx_word' id='word_1_88' title='bbox 726 1013 864 1052; x_wconf 78' lang='lat' dir='ltr'>auxilia</span> <span class='ocrx_word' id='word_1_89' title='bbox 900 1012 1106 1062; x_wconf 77' lang='lat' dir='ltr'>utrobique·</span> <span class='ocrx_word' id='word_1_90' title='bbox 1132 1010 1238 1050; x_wconf 86' lang='lat' dir='ltr'>haud</span> <span class='ocrx_word' id='word_1_91' title='bbox 1271 1024 1410 1062; x_wconf 78' lang='lat' dir='ltr'>magno</span> <span class='ocrx_word' id='word_1_92' title='bbox 1437 1010 1592 1051; x_wconf 82' lang='lat' dir='ltr'>fuerunt</span> 
     </span>
     <span class='ocr_line' id='line_1_14' title="bbox 311 1072 1591 1125; baseline -0.001 -12"><span class='ocrx_word' id='word_1_93' title='bbox 311 1073 415 1114; x_wconf 81' lang='lat' dir='ltr'>usui:</span> <span class='ocrx_word' id='word_1_94' title='bbox 443 1087 648 1125; x_wconf 79' lang='lat' dir='ltr'>pugnaque</span> <span class='ocrx_word' id='word_1_95' title='bbox 679 1075 743 1114; x_wconf 82' lang='lat' dir='ltr'>vix</span> <span class='ocrx_word' id='word_1_96' title='bbox 775 1083 942 1123; x_wconf 76' lang='lat' dir='ltr'>tentata,</span> <span class='ocrx_word' id='word_1_97' title='bbox 971 1074 1152 1114; x_wconf 83' lang='lat' dir='ltr'>Romanis</span> <span class='ocrx_word' id='word_1_98' title='bbox 1185 1072 1371 1111; x_wconf 82' lang='lat' dir='ltr'>militibus</span> <span class='ocrx_word' id='word_1_99' title='bbox 1410 1084 1591 1123; x_wconf 82' lang='lat' dir='ltr'>campum</span> 
     </span>
     <span class='ocr_line' id='line_1_15' title="bbox 309 1134 1590 1186; baseline -0.002 -9"><span class='ocrx_word' id='word_1_100' title='bbox 309 1135 558 1186; x_wconf 79' lang='lat' dir='ltr'>reliquerunt.</span> <span class='ocrx_word' id='word_1_101' title='bbox 583 1134 773 1176; x_wconf 66' lang='lat' dir='ltr'>Cohorkes</span> <span class='ocrx_word' id='word_1_102' title='bbox 798 1137 995 1186; x_wconf 59' lang='lat' dir='ltr'>octoginta</span> <span class='ocrx_word' id='word_1_103' title='bbox 1020 1136 1140 1175; x_wconf 85' lang='lat' dir='ltr'>Caesar</span> <span class='ocrx_word' id='word_1_104' title='bbox 1160 1137 1363 1183; x_wconf 80' lang='lat' dir='ltr'>eduxerat,</span> <span class='ocrx_word' id='word_1_105' title='bbox 1389 1148 1477 1175; x_wconf 86' lang='lat' dir='ltr'>cum</span> <span class='ocrx_word' id='word_1_106' title='bbox 1501 1138 1590 1175; x_wconf 67' lang='lat' dir='ltr'>osto</span> 
     </span>
     <span class='ocr_line' id='line_1_16' title="bbox 312 1197 1592 1248; baseline -0.002 -12"><span class='ocrx_word' id='word_1_107' title='bbox 312 1197 483 1243; x_wconf 78' lang='lat' dir='ltr'>millibus</span> <span class='ocrx_word' id='word_1_108' title='bbox 515 1199 701 1248; x_wconf 87' lang='lat' dir='ltr'>equitum.</span> <span class='ocrx_word' id='word_1_109' title='bbox 730 1198 784 1238; x_wconf 84' lang='lat' dir='ltr'>Hi</span> <span class='ocrx_word' id='word_1_110' title='bbox 811 1199 948 1236; x_wconf 73' lang='lat' dir='ltr'>virtute</span> <span class='ocrx_word' id='word_1_111' title='bbox 985 1197 1197 1248; x_wconf 77' lang='lat' dir='ltr'>superiores</span> <span class='ocrx_word' id='word_1_112' title='bbox 1232 1197 1423 1243; x_wconf 83' lang='lat' dir='ltr'>hostibus,</span> <span class='ocrx_word' id='word_1_113' title='bbox 1452 1197 1592 1246; x_wconf 88' lang='lat' dir='ltr'>iniqui-</span> 
     </span>
     <span class='ocr_line' id='line_1_17' title="bbox 310 1259 1593 1309; baseline -0.003 -9"><span class='ocrx_word' id='word_1_114' title='bbox 310 1267 391 1300; x_wconf 71' lang='lat' dir='ltr'>tate</span> <span class='ocrx_word' id='word_1_115' title='bbox 412 1260 492 1300; x_wconf 88' lang='lat' dir='ltr'>loci</span> <span class='ocrx_word' id='word_1_116' title='bbox 520 1260 768 1307; x_wconf 80' lang='lat' dir='ltr'>laborabant,</span> <span class='ocrx_word' id='word_1_117' title='bbox 788 1260 837 1298; x_wconf 88' lang='lat' dir='ltr'>ad</span> <span class='ocrx_word' id='word_1_118' title='bbox 863 1270 1045 1298; x_wconf 80' lang='lat' dir='ltr'>extremae</span> <span class='ocrx_word' id='word_1_119' title='bbox 1071 1259 1241 1308; x_wconf 78' lang='lat' dir='ltr'>planitiei</span> <span class='ocrx_word' id='word_1_120' title='bbox 1266 1259 1490 1309; x_wconf 79' lang='lat' dir='ltr'>voraginosa</span> <span class='ocrx_word' id='word_1_121' title='bbox 1506 1272 1593 1309; x_wconf 44' lang='lat' dir='ltr'>proq-</span> 
     </span>
     <span class='ocr_line' id='line_1_18' title="bbox 309 1320 1593 1374; baseline -0.003 -14"><span class='ocrx_word' id='word_1_122' title='bbox 309 1322 435 1374; x_wconf 86' lang='lat' dir='ltr'>greffi.</span> <span class='ocrx_word' id='word_1_123' title='bbox 470 1322 590 1363; x_wconf 87' lang='lat' dir='ltr'>Nullo</span> <span class='ocrx_word' id='word_1_124' title='bbox 626 1335 796 1373; x_wconf 83' lang='lat' dir='ltr'>unquam</span> <span class='ocrx_word' id='word_1_125' title='bbox 824 1321 959 1372; x_wconf 80' lang='lat' dir='ltr'>proeiio</span> <span class='ocrx_word' id='word_1_126' title='bbox 989 1321 1171 1362; x_wconf 61' lang='lat' dir='ltr'>fluetuata</span> <span class='ocrx_word' id='word_1_127' title='bbox 1198 1322 1316 1372; x_wconf 78' lang='lat' dir='ltr'>magis</span> <span class='ocrx_word' id='word_1_128' title='bbox 1344 1320 1494 1360; x_wconf 75' lang='lat' dir='ltr'>Caesaris</span> <span class='ocrx_word' id='word_1_129' title='bbox 1517 1321 1593 1359; x_wconf 46' lang='lat' dir='ltr'>for‘</span> 
     </span>
     <span class='ocr_line' id='line_1_19' title="bbox 311 1383 1592 1436; baseline 0 -13"><span class='ocrx_word' id='word_1_130' title='bbox 311 1393 407 1427; x_wconf 87' lang='lat' dir='ltr'>tuna</span> <span class='ocrx_word' id='word_1_131' title='bbox 443 1385 518 1432; x_wconf 87' lang='lat' dir='ltr'>est;</span> <span class='ocrx_word' id='word_1_132' title='bbox 557 1393 599 1423; x_wconf 87' lang='lat' dir='ltr'>ut</span> <span class='ocrx_word' id='word_1_133' title='bbox 624 1397 746 1436; x_wconf 83' lang='lat' dir='ltr'>prope</span> <span class='ocrx_word' id='word_1_134' title='bbox 771 1384 914 1432; x_wconf 79' lang='lat' dir='ltr'>‚Iuliani</span> <span class='ocrx_word' id='word_1_135' title='bbox 946 1384 1160 1425; x_wconf 80' lang='lat' dir='ltr'>diffiderent</span> <span class='ocrx_word' id='word_1_136' title='bbox 1186 1386 1361 1424; x_wconf 56' lang='lat' dir='ltr'>vidioriae.</span> <span class='ocrx_word' id='word_1_137' title='bbox 1403 1383 1478 1424; x_wconf 87' lang='lat' dir='ltr'>Diu</span> <span class='ocrx_word' id='word_1_138' title='bbox 1509 1385 1592 1434; x_wconf 86' lang='lat' dir='ltr'>pari</span> 
     </span>
     <span class='ocr_line' id='line_1_20' title="bbox 310 1446 1592 1496; baseline -0.002 -8"><span class='ocrx_word' id='word_1_139' title='bbox 310 1447 440 1489; x_wconf 81' lang='lat' dir='ltr'>Marte</span> <span class='ocrx_word' id='word_1_140' title='bbox 469 1446 566 1485; x_wconf 86' lang='lat' dir='ltr'>nihil</span> <span class='ocrx_word' id='word_1_141' title='bbox 594 1446 700 1485; x_wconf 86' lang='lat' dir='ltr'>aliud</span> <span class='ocrx_word' id='word_1_142' title='bbox 727 1459 841 1496; x_wconf 86' lang='lat' dir='ltr'>quam</span> <span class='ocrx_word' id='word_1_143' title='bbox 865 1447 1098 1486; x_wconf 82' lang='lat' dir='ltr'>occidebant</span> <span class='ocrx_word' id='word_1_144' title='bbox 1125 1447 1497 1496; x_wconf 79' lang='lat' dir='ltr'>occidebanturque3</span> <span class='ocrx_word' id='word_1_145' title='bbox 1519 1447 1592 1486; x_wconf 84' lang='lat' dir='ltr'>do-</span> 
     </span>
     <span class='ocr_line' id='line_1_21' title="bbox 308 1506 1589 1558; baseline -0.002 -11"><span class='ocrx_word' id='word_1_146' title='bbox 308 1520 384 1547; x_wconf 83' lang='lat' dir='ltr'>nec</span> <span class='ocrx_word' id='word_1_147' title='bbox 410 1507 619 1558; x_wconf 80' lang='lat' dir='ltr'>pugnando</span> <span class='ocrx_word' id='word_1_148' title='bbox 644 1506 825 1557; x_wconf 86' lang='lat' dir='ltr'>utrinque</span> <span class='ocrx_word' id='word_1_149' title='bbox 847 1506 969 1554; x_wconf 79' lang='lat' dir='ltr'>festis,</span> <span class='ocrx_word' id='word_1_150' title='bbox 1000 1506 1105 1544; x_wconf 78' lang='lat' dir='ltr'>velut</span> <span class='ocrx_word' id='word_1_151' title='bbox 1131 1508 1254 1545; x_wconf 84' lang='lat' dir='ltr'>tacitis</span> <span class='ocrx_word' id='word_1_152' title='bbox 1274 1507 1436 1546; x_wconf 86' lang='lat' dir='ltr'>induciis</span> <span class='ocrx_word' id='word_1_153' title='bbox 1458 1507 1589 1557; x_wconf 82' lang='lat' dir='ltr'>quies,</span> 
     </span>
     <span class='ocr_line' id='line_1_22' title="bbox 312 1567 1592 1619; baseline -0.002 -9"><span class='ocrx_word' id='word_1_154' title='bbox 312 1571 350 1610; x_wconf 89' lang='lat'>&amp;</span> <span class='ocrx_word' id='word_1_155' title='bbox 376 1568 554 1609; x_wconf 88' lang='lat' dir='ltr'>moestum</span> <span class='ocrx_word' id='word_1_156' title='bbox 577 1567 769 1607; x_wconf 86' lang='lat' dir='ltr'>filentium</span> <span class='ocrx_word' id='word_1_157' title='bbox 787 1568 921 1608; x_wconf 86' lang='lat' dir='ltr'>tenuit.</span> <span class='ocrx_word' id='word_1_158' title='bbox 949 1567 1045 1608; x_wconf 82' lang='lat' dir='ltr'>Mox</span> <span class='ocrx_word' id='word_1_159' title='bbox 1069 1576 1248 1606; x_wconf 87' lang='lat' dir='ltr'>renovata</span> <span class='ocrx_word' id='word_1_160' title='bbox 1272 1581 1421 1619; x_wconf 84' lang='lat' dir='ltr'>pugna,</span> <span class='ocrx_word' id='word_1_161' title='bbox 1446 1568 1592 1619; x_wconf 71' lang='lat' dir='ltr'>impul-</span> 
     </span>
     <span class='ocr_line' id='line_1_23' title="bbox 309 1628 1590 1680; baseline -0.001 -9"><span class='ocrx_word' id='word_1_162' title='bbox 309 1629 395 1671; x_wconf 86' lang='lat' dir='ltr'>sum</span> <span class='ocrx_word' id='word_1_163' title='bbox 420 1629 473 1668; x_wconf 88' lang='lat' dir='ltr'>est</span> <span class='ocrx_word' id='word_1_164' title='bbox 503 1628 599 1668; x_wconf 90' lang='lat' dir='ltr'>illud</span> <span class='ocrx_word' id='word_1_165' title='bbox 625 1630 793 1670; x_wconf 86' lang='lat' dir='ltr'>veterani</span> <span class='ocrx_word' id='word_1_166' title='bbox 821 1628 953 1669; x_wconf 81' lang='lat' dir='ltr'>militis</span> <span class='ocrx_word' id='word_1_167' title='bbox 980 1629 1165 1668; x_wconf 65' lang='lat' dir='ltr'>invidtum</span> <span class='ocrx_word' id='word_1_168' title='bbox 1194 1629 1338 1677; x_wconf 86' lang='lat' dir='ltr'>robur,</span> <span class='ocrx_word' id='word_1_169' title='bbox 1366 1643 1413 1668; x_wconf 76' lang='lat' dir='ltr'>ne</span> <span class='ocrx_word' id='word_1_170' title='bbox 1443 1629 1590 1680; x_wconf 67' lang='lat' dir='ltr'>prorsus</span> 
     </span>
     <span class='ocr_line' id='line_1_24' title="bbox 298 1692 1471 1745; baseline -0.003 -11"><span class='ocrx_word' id='word_1_171' title='bbox 298 1693 486 1745; x_wconf 63' lang='lat' dir='ltr'>fugeret,</span> <span class='ocrx_word' id='word_1_172' title='bbox 513 1692 742 1733; x_wconf 84' lang='lat' dir='ltr'>verecundia</span> <span class='ocrx_word' id='word_1_173' title='bbox 769 1693 910 1743; x_wconf 81' lang='lat' dir='ltr'>magis,</span> <span class='ocrx_word' id='word_1_174' title='bbox 935 1705 1049 1742; x_wconf 77' lang='lat' dir='ltr'>quam</span> <span class='ocrx_word' id='word_1_175' title='bbox 1076 1692 1240 1739; x_wconf 83' lang='lat' dir='ltr'>virtute,</span> <span class='ocrx_word' id='word_1_176' title='bbox 1268 1700 1471 1732; x_wconf 87' lang='lat' dir='ltr'>retentum.</span> 
     </span>
     <span class='ocr_line' id='line_1_25' title="bbox 367 1753 1593 1804; baseline 0 -8"><span class='ocrx_word' id='word_1_177' title='bbox 367 1755 466 1796; x_wconf 86' lang='lat' dir='ltr'><strong>LIII.</strong></span> <span class='ocrx_word' id='word_1_178' title='bbox 496 1754 554 1795; x_wconf 90' lang='lat' dir='ltr'>Ibi</span> <span class='ocrx_word' id='word_1_179' title='bbox 582 1767 671 1795; x_wconf 86' lang='lat' dir='ltr'>vero</span> <span class='ocrx_word' id='word_1_180' title='bbox 696 1753 816 1794; x_wconf 83' lang='lat' dir='ltr'>Caesar</span> <span class='ocrx_word' id='word_1_181' title='bbox 850 1755 955 1795; x_wconf 87' lang='lat' dir='ltr'>vinci</span> <span class='ocrx_word' id='word_1_182' title='bbox 982 1754 1169 1801; x_wconf 82' lang='lat' dir='ltr'>insuetus,</span> <span class='ocrx_word' id='word_1_183' title='bbox 1201 1755 1249 1794; x_wconf 88' lang='lat' dir='ltr'>ad</span> <span class='ocrx_word' id='word_1_184' title='bbox 1282 1755 1593 1804; x_wconf 66' lang='lat' dir='ltr'>praeveniendum</span> 
     </span>
     <span class='ocr_line' id='line_1_26' title="bbox 311 1815 1590 1881; baseline -0.002 -24"><span class='ocrx_word' id='word_1_185' title='bbox 311 1817 390 1857; x_wconf 87' lang='lat' dir='ltr'>hoc</span> <span class='ocrx_word' id='word_1_186' title='bbox 414 1817 606 1881; x_wconf 82' lang='lat' dir='ltr'>dedecus,</span> <span class='ocrx_word' id='word_1_187' title='bbox 634 1815 813 1868; x_wconf 79' lang='lat' dir='ltr'>cogitasse</span> <span class='ocrx_word' id='word_1_188' title='bbox 839 1817 888 1856; x_wconf 93' lang='lat' dir='ltr'>de</span> <span class='ocrx_word' id='word_1_189' title='bbox 910 1815 1179 1856; x_wconf 84' lang='lat' dir='ltr'>consciscenda</span> <span class='ocrx_word' id='word_1_190' title='bbox 1207 1816 1271 1855; x_wconf 82' lang='lat' dir='ltr'>fibi</span> <span class='ocrx_word' id='word_1_191' title='bbox 1298 1828 1393 1855; x_wconf 83' lang='lat' dir='ltr'>nece</span> <span class='ocrx_word' id='word_1_192' title='bbox 1418 1818 1590 1858; x_wconf 85' lang='lat' dir='ltr'>traditur.</span> 
     </span>
     <span class='ocr_line' id='line_1_27' title="bbox 310 1864 1591 1929; baseline -0.003 -11"><span class='ocrx_word' id='word_1_193' title='bbox 310 1879 354 1918; x_wconf 89' lang='lat' dir='ltr'>id</span> <span class='ocrx_word' id='word_1_194' title='bbox 379 1864 534 1929; x_wconf 90' lang='lat' dir='ltr'>quidem</span> <span class='ocrx_word' id='word_1_195' title='bbox 557 1877 724 1925; x_wconf 88' lang='lat' dir='ltr'>constat,</span> <span class='ocrx_word' id='word_1_196' title='bbox 745 1889 920 1927; x_wconf 88' lang='lat' dir='ltr'>equume</span> <span class='ocrx_word' id='word_1_197' title='bbox 941 1876 1148 1928; x_wconf 61' lang='lat' dir='ltr'>conspectu</span> <span class='ocrx_word' id='word_1_198' title='bbox 1173 1875 1315 1916; x_wconf 84' lang='lat' dir='ltr'>abduci</span> <span class='ocrx_word' id='word_1_199' title='bbox 1337 1875 1493 1925; x_wconf 77' lang='lat' dir='ltr'>jussiffe‚</span> <span class='ocrx_word' id='word_1_200' title='bbox 1510 1876 1591 1918; x_wconf 75' lang='lat' dir='ltr'>Icu·</span> 
     </span>
     <span class='ocr_line' id='line_1_28' title="bbox 309 1937 1591 1992; baseline -0.002 -10"><span class='ocrx_word' id='word_1_201' title='bbox 309 1950 429 1992; x_wconf 76' lang='lat' dir='ltr'>toque</span> <span class='ocrx_word' id='word_1_202' title='bbox 465 1940 665 1990; x_wconf 86' lang='lat' dir='ltr'>cujusdam</span> <span class='ocrx_word' id='word_1_203' title='bbox 702 1950 879 1991; x_wconf 83' lang='lat' dir='ltr'>arrepto,</span> <span class='ocrx_word' id='word_1_204' title='bbox 911 1941 952 1980; x_wconf 88' lang='lat' dir='ltr'>in</span> <span class='ocrx_word' id='word_1_205' title='bbox 987 1940 1149 1991; x_wconf 85' lang='lat' dir='ltr'>primam</span> <span class='ocrx_word' id='word_1_206' title='bbox 1188 1937 1399 1990; x_wconf 69' lang='lat' dir='ltr'>provolaffe</span> <span class='ocrx_word' id='word_1_207' title='bbox 1440 1939 1591 1988; x_wconf 85' lang='lat' dir='ltr'>aciem,</span> 
     </span>
     <span class='ocr_line' id='line_1_29' title="bbox 310 2001 1590 2056; baseline -0.003 -14"><span class='ocrx_word' id='word_1_208' title='bbox 310 2004 500 2054; x_wconf 80' lang='lat' dir='ltr'>increpita</span> <span class='ocrx_word' id='word_1_209' title='bbox 514 2006 693 2050; x_wconf 78' lang='lat' dir='ltr'>Fortuna,</span> <span class='ocrx_word' id='word_1_210' title='bbox 713 2017 786 2056; x_wconf 84' lang='lat' dir='ltr'>quae</span> <span class='ocrx_word' id='word_1_211' title='bbox 811 2015 951 2042; x_wconf 81' lang='lat' dir='ltr'>veterem</span> <span class='ocrx_word' id='word_1_212' title='bbox 968 2004 1084 2040; x_wconf 82' lang='lat' dir='ltr'>ducem</span> <span class='ocrx_word' id='word_1_213' title='bbox 1105 2002 1299 2053; x_wconf 82' lang='lat' dir='ltr'>semperque</span> <span class='ocrx_word' id='word_1_214' title='bbox 1323 2001 1478 2038; x_wconf 72' lang='grc' dir='ltr'>νὶέῖονενη</span> <span class='ocrx_word' id='word_1_215' title='bbox 1502 2015 1590 2053; x_wconf 82' lang='lat' dir='ltr'>pue-</span> 
     </span>
     <span class='ocr_line' id='line_1_30' title="bbox 309 2061 1589 2119; baseline -0.002 -15"><span class='ocrx_word' id='word_1_216' title='bbox 309 2067 362 2104; x_wconf 76' lang='lat' dir='ltr'>tis</span> <span class='ocrx_word' id='word_1_217' title='bbox 376 2067 548 2119; x_wconf 81' lang='lat' dir='ltr'>proderet.</span> <span class='ocrx_word' id='word_1_218' title='bbox 573 2064 692 2105; x_wconf 85' lang='lat' dir='ltr'>Variis</span> <span class='ocrx_word' id='word_1_219' title='bbox 714 2064 806 2103; x_wconf 90' lang='lat' dir='ltr'>inde</span> <span class='ocrx_word' id='word_1_220' title='bbox 827 2063 986 2105; x_wconf 86' lang='lat' dir='ltr'>vocibus</span> <span class='ocrx_word' id='word_1_221' title='bbox 1013 2063 1202 2113; x_wconf 86' lang='lat' dir='ltr'>pudorem</span> <span class='ocrx_word' id='word_1_222' title='bbox 1223 2062 1479 2112; x_wconf 78' lang='lat' dir='ltr'>virtutemque</span> <span class='ocrx_word' id='word_1_223' title='bbox 1505 2061 1589 2101; x_wconf 90' lang='lat' dir='ltr'>suo-</span> 
     </span>
     <span class='ocr_line' id='line_1_31' title="bbox 310 2123 1589 2177; baseline -0.003 -9"><span class='ocrx_word' id='word_1_224' title='bbox 310 2142 395 2169; x_wconf 85' lang='lat' dir='ltr'>rum</span> <span class='ocrx_word' id='word_1_225' title='bbox 425 2126 646 2174; x_wconf 80' lang='lat' dir='ltr'>stimulans,</span> <span class='ocrx_word' id='word_1_226' title='bbox 675 2139 762 2166; x_wconf 92' lang='lat' dir='ltr'>cum</span> <span class='ocrx_word' id='word_1_227' title='bbox 788 2135 875 2166; x_wconf 86' lang='lat' dir='ltr'>ante</span> <span class='ocrx_word' id='word_1_228' title='bbox 908 2127 1028 2177; x_wconf 87' lang='lat' dir='ltr'>prima</span> <span class='ocrx_word' id='word_1_229' title='bbox 1054 2125 1155 2174; x_wconf 78' lang='lat' dir='ltr'>figna</span> <span class='ocrx_word' id='word_1_230' title='bbox 1185 2123 1232 2163; x_wconf 85' lang='lat' dir='ltr'>fic</span> <span class='ocrx_word' id='word_1_231' title='bbox 1256 2124 1515 2175; x_wconf 84' lang='lat' dir='ltr'>procurriffet‚</span> <span class='ocrx_word' id='word_1_232' title='bbox 1546 2132 1589 2168; x_wconf 76' lang='lat' dir='ltr'>ut</span> 
     </span>
     <span class='ocr_line' id='line_1_32' title="bbox 309 2186 1587 2241; baseline -0.005 -10"><span class='ocrx_word' id='word_1_233' title='bbox 309 2193 374 2231; x_wconf 82' lang='lat' dir='ltr'>vix</span> <span class='ocrx_word' id='word_1_234' title='bbox 404 2191 537 2230; x_wconf 88' lang='lat' dir='ltr'>decem</span> <span class='ocrx_word' id='word_1_235' title='bbox 563 2191 609 2230; x_wconf 88' lang='lat' dir='ltr'>ab</span> <span class='ocrx_word' id='word_1_236' title='bbox 639 2190 746 2231; x_wconf 86' lang='lat' dir='ltr'>hoste</span> <span class='ocrx_word' id='word_1_237' title='bbox 769 2190 930 2241; x_wconf 82' lang='lat' dir='ltr'>pedibus</span> <span class='ocrx_word' id='word_1_238' title='bbox 964 2189 1140 2236; x_wconf 87' lang='lat' dir='ltr'>distaret,</span> <span class='ocrx_word' id='word_1_239' title='bbox 1170 2199 1348 2238; x_wconf 81' lang='lat' dir='ltr'>magnam</span> <span class='ocrx_word' id='word_1_240' title='bbox 1373 2188 1411 2225; x_wconf 87' lang='lat' dir='ltr'>in</span> <span class='ocrx_word' id='word_1_241' title='bbox 1439 2186 1474 2225; x_wconf 88' lang='lat' dir='ltr'>se</span> <span class='ocrx_word' id='word_1_242' title='bbox 1498 2199 1587 2225; x_wconf 86' lang='lat' dir='ltr'>con-</span> 
     </span>
     <span class='ocr_line' id='line_1_33' title="bbox 314 2247 1588 2301; baseline -0.003 -11"><span class='ocrx_word' id='word_1_243' title='bbox 314 2253 453 2301; x_wconf 47' lang='lat' dir='ltr'>jecffam</span> <span class='ocrx_word' id='word_1_244' title='bbox 480 2252 559 2292; x_wconf 82' lang='lat' dir='ltr'>vim</span> <span class='ocrx_word' id='word_1_245' title='bbox 589 2251 783 2291; x_wconf 81' lang='lat' dir='ltr'>miffilium</span> <span class='ocrx_word' id='word_1_246' title='bbox 815 2251 970 2300; x_wconf 79' lang='lat' dir='ltr'>excepit</span> <span class='ocrx_word' id='word_1_247' title='bbox 993 2249 1099 2291; x_wconf 88' lang='lat' dir='ltr'>scuto</span> <span class='ocrx_word' id='word_1_248' title='bbox 1116 2278 1126 2293; x_wconf 79' lang='grc'><em>,</em></span> <span class='ocrx_word' id='word_1_249' title='bbox 1150 2256 1214 2287; x_wconf 86' lang='lat' dir='ltr'>aut</span> <span class='ocrx_word' id='word_1_250' title='bbox 1238 2247 1389 2287; x_wconf 84' lang='lat' dir='ltr'>modica</span> <span class='ocrx_word' id='word_1_251' title='bbox 1418 2248 1588 2297; x_wconf 75' lang='lat' dir='ltr'>corporis</span> 
     </span>
     <span class='ocr_line' id='line_1_34' title="bbox 313 2310 1584 2360; baseline -0.004 -9"><span class='ocrx_word' id='word_1_252' title='bbox 313 2312 571 2355; x_wconf 83' lang='lat' dir='ltr'>declinatione</span> <span class='ocrx_word' id='word_1_253' title='bbox 594 2313 738 2352; x_wconf 81' lang='lat' dir='ltr'>vitavit.</span> <span class='ocrx_word' id='word_1_254' title='bbox 766 2313 870 2353; x_wconf 90' lang='lat' dir='ltr'>Tum</span> <span class='ocrx_word' id='word_1_255' title='bbox 893 2325 982 2352; x_wconf 87' lang='lat' dir='ltr'>vero</span> <span class='ocrx_word' id='word_1_256' title='bbox 999 2310 1139 2349; x_wconf 78' lang='lat' dir='ltr'>connisi</span> <span class='ocrx_word' id='word_1_257' title='bbox 1167 2310 1394 2357; x_wconf 80' lang='lat' dir='ltr'>decumani,</span> <span class='ocrx_word' id='word_1_258' title='bbox 1421 2322 1584 2360; x_wconf 78' lang='lat' dir='ltr'>quorum</span> 
     </span>
     <span class='ocr_line' id='line_1_35' title="bbox 313 2372 1587 2422; baseline -0.006 -6"><span class='ocrx_word' id='word_1_259' title='bbox 313 2377 352 2417; x_wconf 79' lang='lat' dir='ltr'>in</span> <span class='ocrx_word' id='word_1_260' title='bbox 381 2376 566 2415; x_wconf 84' lang='lat' dir='ltr'>mediocri</span> <span class='ocrx_word' id='word_1_261' title='bbox 598 2388 758 2416; x_wconf 82' lang='lat' dir='ltr'>numero</span> <span class='ocrx_word' id='word_1_262' title='bbox 794 2375 961 2414; x_wconf 77' lang='lat' dir='ltr'>maxima</span> <span class='ocrx_word' id='word_1_263' title='bbox 990 2374 1106 2413; x_wconf 75' lang='lat' dir='ltr'>virtus</span> <span class='ocrx_word' id='word_1_264' title='bbox 1139 2372 1328 2421; x_wconf 80' lang='lat' dir='ltr'>exstabat,</span> <span class='ocrx_word' id='word_1_265' title='bbox 1353 2372 1524 2422; x_wconf 82' lang='lat' dir='ltr'>redinte‹</span> <span class='ocrx_word' id='word_1_266' title='bbox 1514 2385 1587 2410; x_wconf 85' lang='lat' dir='ltr'>ra-</span> 
     </span>
    </p>
   </div>
   <div class='ocr_carea' id='block_1_3' title="bbox 314 2488 1585 2584">
    <p class='ocr_par' dir='ltr' id='par_1_3' title="bbox 314 2488 1585 2584">
     <span class='ocr_line' id='line_1_36' title="bbox 359 2488 1585 2536; baseline -0.002 -10"><span class='ocrx_word' id='word_1_267' title='bbox 359 2493 380 2536; x_wconf 69' lang='lat' dir='ltr'>{S</span> <span class='ocrx_word' id='word_1_268' title='bbox 405 2493 459 2525; x_wconf 84' lang='lat' dir='ltr'>LI.</span> <span class='ocrx_word' id='word_1_269' title='bbox 483 2492 607 2525; x_wconf 59' lang='lat' dir='ltr'>Amor</span> <span class='ocrx_word' id='word_1_270' title='bbox 634 2492 674 2524; x_wconf 90' lang='lat' dir='ltr'>de</span> <span class='ocrx_word' id='word_1_271' title='bbox 704 2494 738 2526; x_wconf 93' lang='grc' dir='ltr'>Β.</span> <span class='ocrx_word' id='word_1_272' title='bbox 769 2491 865 2533; x_wconf 82' lang='lat' dir='ltr'>Hisp.</span> <span class='ocrx_word' id='word_1_273' title='bbox 894 2493 1001 2526; x_wconf 72' lang='lat' dir='ltr'>strab.</span> <span class='ocrx_word' id='word_1_274' title='bbox 1023 2493 1046 2526; x_wconf 89' lang='lat' dir='ltr'>l.</span> <span class='ocrx_word' id='word_1_275' title='bbox 1072 2503 1123 2527; x_wconf 77' lang='grc' dir='ltr'>ιι.</span> <span class='ocrx_word' id='word_1_276' title='bbox 1148 2491 1228 2529; x_wconf 82' lang='lat' dir='ltr'>Dio.</span> <span class='ocrx_word' id='word_1_277' title='bbox 1251 2491 1273 2536; x_wconf 83' lang='lat'>§</span> <span class='ocrx_word' id='word_1_278' title='bbox 1300 2490 1370 2525; x_wconf 78' lang='lat' dir='ltr'>Lu.</span> <span class='ocrx_word' id='word_1_279' title='bbox 1398 2488 1523 2528; x_wconf 64' lang='lat' dir='ltr'>Aqu:</span> <span class='ocrx_word' id='word_1_280' title='bbox 1545 2489 1585 2524; x_wconf 68' lang='lat' dir='ltr'>de</span> 
     </span>
     <span class='ocr_line' id='line_1_37' title="bbox 314 2537 986 2584; baseline -0.002 -11"><span class='ocrx_word' id='word_1_281' title='bbox 314 2539 352 2577; x_wconf 70' lang='lat' dir='ltr'>B.</span> <span class='ocrx_word' id='word_1_282' title='bbox 375 2537 470 2584; x_wconf 79' lang='lat' dir='ltr'>Hisp</span> <span class='ocrx_word' id='word_1_283' title='bbox 494 2537 581 2572; x_wconf 74' lang='lat' dir='ltr'>Hor</span> <span class='ocrx_word' id='word_1_284' title='bbox 604 2549 643 2580; x_wconf 78' lang='lat'>4,</span> <span class='ocrx_word' id='word_1_285' title='bbox 671 2548 700 2572; x_wconf 89' lang='lat'><em>2</em></span> <span class='ocrx_word' id='word_1_286' title='bbox 733 2537 890 2576; x_wconf 72' lang='lat' dir='ltr'>Vellei:</span> <span class='ocrx_word' id='word_1_287' title='bbox 901 2548 986 2582; x_wconf 64' lang='grc' dir='ltr'>..ῖς</span> 
     </span>
    </p>
   </div>
  </div>
 </body>
</html>
