1685 3042
706 107 724 114 x

223 224 303 272 1N
342 221 1112 272 LOC.L1}3.CXX11L1V.
1226 241 1319 292 ψ·

1293 267 1314 295 >

37 330 238 371 celerrime
252 328 495 383 confecerat)
517 327 606 368 Afiae
627 339 779 377 quoque
800 327 982 366 tributum
1005 329 1136 381 ingens
1156 332 1317 384 impera-

41 393 118 440 vit,
141 392 346 443 decuplum
368 392 472 440 ejus,
497 387 602 437 quod
628 389 794 437 pendere
818 390 1020 438 quotannis
1045 392 1318 444 consuevisset3

42 452 161 503 idque
184 454 305 492 statim
322 451 460 501 exegit.
487 449 589 488 Dum
605 448 644 486 in
669 448 726 487 his
754 458 963 499 occupatus
986 450 1062 498 est,
1089 452 1210 492 valida
1228 455 1323 494 clas-

41 514 87 554 fis
106 515 153 554 ab
176 515 342 566 AEgypto
369 512 544 561 navigare
566 509 614 550 ad
637 510 760 549 hostes
786 512 1003 558 nuntiatur,
1021 513 1196 553 mittente
1209 516 1321 555 Cleo-

40 585 167 626 patra:
192 589 312 626 quam
332 577 367 615 &
393 572 560 612 amicitia
584 570 732 610 illarum
760 573 947 622 partium,
976 575 1009 612 S<
1034 585 1164 613 recens
1188 589 1208 614 a
1230 577 1321 616 Cas-

37 637 93 675 sio
124 645 273 684 metus,
301 643 343 675 ut
368 635 496 686 potius
522 634 559 672 ei
585 633 786 684 negotium
809 631 901 672 alibi
928 633 1147 682 facefferet,
1165 637 1317 676 acribus

39 697 202 737 stimulis
228 697 443 749 impulerat.

94 768 246 808 XXIII.
276 767 411 818 Itaque
431 766 611 807 Murcum
634 776 723 804 cum
749 763 943 816 sexaginta
975 766 1156 814 navibus,
1182 769 1216 807 &
1241 768 1318 807 foi·-

39 827 180 869 tiffima
212 828 363 880 legione
380 858 391 876 ‚
417 837 530 878 atque
561 826 690 877 aliquo
712 839 873 865 numero
900 827 1175 877 sagittariorum
1199 844 1313 868 occur.

41 906 110 930 rere
138 893 187 931 ad
213 894 391 930 Taenarum
424 891 650 942 Peloponnesi
678 890 942 941 promontorium
977 889 1107 939 Jussit,
1139 899 1182 930 ut
1216 891 1319 930 illius

40 954 158 992 maris
181 952 377 991 transitum
405 959 621 1001 opportuna
655 949 812 989 statione
840 951 1066 990 custodiret:
1104 951 1138 990 ei
1168 964 1320 1002 quoque

39 1014 248 1066 peninsulae
276 1028 355 1053 non
384 1013 474 1053 satis
511 1026 664 1064 aequus,
697 1025 812 1063 quarn
848 1013 1141 1061 incursionibus,
1177 1016 1212 1054 ἃ
1248 1016 1322 1055 ab·-

41 1077 178 1124 dueta,
197 1084 335 1127 quanta
354 1084 504 1127 poterat
517 1108 533 1125 ,q
551 1076 678 1127 praeda
704 1085 917 1115 vexaverat.
944 1075 1074 1115 Multo
1102 1075 1242 1126 ubique
1270 1076 1322 1116 le-

41 1140 319 1189 nior.Brutus‚
346 1139 413 1180 sub
441 1141 574 1180 eadem
605 1149 778 1190 tempora
808 1139 945 1190 Lycios
970 1140 1118 1191 conferre
1139 1143 1321 1193 pecuniam

40 1203 78 1242 ἃ
102 1204 184 1241 dare
205 1203 331 1242 milites
360 1201 522 1251 juss'erat.
556 1202 633 1242 Sed
665 1200 738 1249 illi,
764 1201 958 1241 Naucrate
989 1201 1157 1250 quodam
1184 1203 1321 1253 impel-

40 1263 145 1304 lente
176 1264 389 1316 populum,
420 1265 647 1314 objecerunt
678 1276 810 1311 arma,
843 1262 1082 1313 tumulosque
1112 1264 1320 1305 nonnullos

41 1328 200 1368 arcendi
225 1327 398 1367 transitus
424 1328 533 1367 causa
558 1325 788 1365 insederunt.
810 1325 853 1365 In
871 1325 965 1369 hos,
992 1325 1085 1363 dum
1108 1324 1235 1364 cibum
1264 1317 1322 1366 ca·

38 1389 173 1440 piunt,
198 1390 342 1440 impetu
366 1390 467 1429 faeto
483 1418 494 1436 ‚
522 1388 657 1428 Brutus
689 1399 755 1437 per
774 1386 920 1435 equites
946 1385 1030 1425 suos
1056 1386 1245 1426 interfecit
1272 1388 1320 1428 ad

36 1448 273 1498 ,sexcent033
305 1449 488 1499 simulque
517 1460 606 1487 curn
630 1446 868 1497 fugientibus
891 1446 1027 1496 irrupit
1048 1446 1175 1487 castra.

97 1520 245 1560 XXIV.
264 1520 365 1560 Tum
390 1520 438 1559 ad
454 1518 604 1558 castella
620 1520 654 1558 ἂ
672 1517 815 1568 oppida
843 1517 1068 1556 circumlato
1088 1517 1212 1565 bello,
1237 1518 1320 1570 ple-

42 1584 165 1634 risque
192 1583 387 1622 deditione
421 1583 592 1632 potitus,
629 1581 873 1631 praesidiarios
911 1580 987 1618 sine
1021 1582 1142 1631 pretio
1182 1582 1321 1623 dimisit

44 1644 272 1685 incolumes.
310 1646 356 1684 At
381 1643 456 1690 illi,
486 1655 564 1681 non
592 1651 670 1680 tam
705 1640 856 1680 deliniti
880 1640 1094 1689 beneficio,
1121 1656 1233 1693 quam
1265 1644 1322 1682 in-

42 1707 138 1746 fensi
165 1707 216 1746 ob
240 1705 344 1745 illata
371 1706 536 1753 damna,
558 1704 761 1744 Xanthum
788 1705 825 1743 se
855 1704 1099 1744 contulerunt
1125 1704 1322 1746 hostilibus

43 1768 204 1816 animis;
235 1768 337 1818 quod
361 1767 548 1818 oppidum
574 1774 653 1805 tota
680 1766 794 1817 Lycia
819 1766 1054 1812 maximum,
1080 1765 1224 1806 summa
1246 1781 1321 1818 ope

44 1829 97 1868 ad
121 1828 375 1868 refistendum‘
395 1828 431 1868 se
451 1828 623 1880 parabat.
654 1827 841 1867 suburbiis
872 1827 974 1867 enim
1002 1828 1161 1877 dirutis,
1193 1842 1242 1868 ne
1266 1843 1323 1869 re-

46 1893 288 1943 ceptaculum
317 1891 438 1941 hosti,
469 1905 565 1931 neve
587 1893 785 1931 materiem
810 1892 857 1930 ad
884 1905 999 1942 opera
1024 1891 1229 1941 praeberet‚
1248 1892 1321 1932 fos.

45 1956 124 1996 sam
151 1957 294 1995 circum
324 1955 459 1995 urbem
496 1955 683 1994 duxerant
710 1954 850 2004 pedum
881 1954 919 1992 in
946 1953 1183 1993 altitudinem
1213 1956 1322 2005 quin.

46 2017 229 2068 quaginta
246 2048 256 2066 ‚
284 2018 318 2056 6<
346 2017 596 2066 proportione
622 2014 763 2063 latam;
797 2017 905 2064 cujus
939 2029 959 2054 e
984 2016 1155 2066 margine
1187 2016 1227 2054 in
1255 2017 1323 2056 ad-

47 2090 244 2122 ventantes
277 2080 403 2130 jacula
431 2082 466 2119 Gt
493 2080 645 2130 sagittas
679 2079 932 2130 torquebant,
963 2087 1141 2130 tanquam
1163 2080 1324 2130 profun-

46 2144 99 2183 do
123 2144 280 2183 flumine
305 2146 338 2183 &
358 2143 488 2182 vadari
508 2141 634 2181 nescio
651 2144 818 2183 diremti.
845 2144 892 2182 At
912 2142 1065 2188 Brutus,
1089 2155 1321 2192 quamquam

49 2219 72 2246 e
95 2205 307 2257 longinquo
337 2206 504 2256 petenda
529 2212 606 2244 erat
637 2206 819 2254 materia,
848 2213 925 2243 tam
955 2205 1028 2244 fuit
1052 2206 1091 2243 in
1124 2218 1322 2255 oppugna-

20 2268 154 2306 ·tione
192 2266 380 2317 diligens,
413 2275 457 2305 ut
487 2266 550 2317 qui
589 2264 800 2304 multorum
838 2266 1021 2305 mensium
1058 2266 1206 2305 futurus
1242 2278 1321 2305 cre-

50 2328 214 2369 debatur
242 2328 374 2378 labor‚
412 2329 546 2380 paucis
567 2326 712 2366 diebus
741 2327 1003 2371 conficeretur.

103 2470 124 2510 S
139 2470 245 2503 XXII.
260 2470 402 2514 Appian.
418 2470 540 2515 Vellei.
556 2479 572 2501 2
584 2496 592 2511 ‚
608 2468 660 2510 69.
681 2469 702 2514 ξ
720 2469 844 2507 xxm.
861 2470 950 2506 Plut.
967 2469 1002 2504 in
1014 2469 1105 2504 Brut.
1126 2481 1157 2504 c.
1169 2479 1225 2512 44.
1238 2468 1318 2504 Dio,

58 2522 83 2569 5
98 2523 224 2561 XXIV.
247 2523 336 2560 Plut.
361 2525 470 2564 strab.
486 2526 513 2561 1.
534 2535 586 2570 14.
609 2525 759 2569 Appiam,
