1685 3042
329 206 387 255 28
480 205 573 253 JO.
605 203 1101 252 FREINSHEMII
1140 202 1497 261 SUPPLEM.

324 314 518 354 tiabantur
537 320 784 364 expugnatae;
802 313 911 363 quia,
926 324 1004 351 non
1029 310 1208 361 praedic'to
1225 309 1334 358 loco,
1349 310 1425 351 ‘ubi
1442 309 1607 361 appelle-

322 385 434 424 rent,
461 374 659 423 errabant,
696 376 732 415 δε
765 387 787 413 a
823 371 1086 423 compluribus
1121 370 1423 410 adversariorum
1453 370 1604 421 scaphis

320 438 474 489 fingulae
502 437 799 488 excipiebantur.
829 436 930 476 Inter
951 435 1018 474 has
1041 433 1274 484 deprehensa
1299 434 1404 473 navis
1425 433 1501 481 est,
1519 446 1603 482 quae

317 500 454 541 fratres
495 499 592 538 duos
626 498 799 538 tribunos
837 496 1004 536 militum
1043 495 1205 546 legionis
1243 496 1383 545 quintae
1416 494 1605 543 vehebat,

317 560 412 601 Titii
434 560 591 610 Hispani
617 559 860 601 dicebantur:
882 566 994 608 atque
1016 556 1083 604 hi,
1108 568 1198 597 cum
1219 556 1257 596 se
1273 557 1315 597 C.
1330 556 1490 607 Virgilio
1512 569 1604 606 prae-

317 623 418 661 torio
440 621 690 669 dedidissent,
708 622 757 660 ad
780 620 1000 671 Scipionem
1028 619 1207 667 deducti,
1231 620 1423 669 tertioque
1442 618 1524 669 post
1541 618 1606 657 die

314 683 505 724 interfecti
534 683 640 732 sunt3
672 695 760 723 curn
794 683 916 731 major
941 694 1099 727 eorum,
1137 690 1181 721 ut
1206 690 1294 721 ante
1317 681 1473 721 fratrem
1503 681 1606 719 occi.

319 747 495 795 deretur,
526 759 547 786 a
567 743 854 785 centurionibus
886 742 1131 793 impetrasset.

370 809 460 850 XII.
494 808 551 849 Ad
579 807 685 854 haec,
709 807 861 857 cognita
883 804 1032 845 Caesaris
1054 803 1296 851 neceffitate,
1312 804 1412 852 Juba
1436 817 1500 843 rex
1521 804 1605 855 spa.

263 870 271 875 ⁴
313 872 413 911 tium
437 868 726 910 convalescendi
747 882 827 907 non
850 868 1028 913 daturus,
1056 878 1145 905 cum
1171 867 1318 916 ingenti
1343 867 1513 905 exercitu
1539 879 1603 905 ve.

316 933 461 972 niebat.
485 931 672 972 Adversus
699 930 781 970 haec
805 930 934 969 omnia
961 928 1080 968 Caesar
1106 929 1287 967 timorem
1308 928 1476 968 militum
1502 941 1604 969 nova

312 995 462 1034 ratione
487 992 746 1042 compescuit,
774 992 951 1041 augendo
976 990 1138 1041 periculi
1166 991 1324 1031 famam.
1350 990 1506 1040 Quippe
1531 1003 1599 1029 vo-

315 1055 408 1095 catis
445 1055 493 1094 ad
521 1054 751 1094 concionem
789 1052 997 1100 militibus,
1028 1054 1185 1100 Scitote,
1217 1053 1366 1103 inquit,
1390 1051 1603 1104 pauczffimis

314 1115 370 1152 his
408 1116 527 1153 diebus
558 1129 665 1167 regem
697 1116 926 1153 adventurum
960 1129 1035 1153 cum
1067 1114 1260 1166 legionibus
1289 1115 1425 1159 decem,
1448 1114 1600 1164 equitum

312 1175 485 1228 triginta,
512 1176 601 1213 levis
624 1188 806 1214 armaturae
835 1189 969 1213 centum
994 1174 1151 1213 millibus
1166 1205 1178 1222 ‚
1201 1174 1399 1226 elephantis
1431 1175 1600 1211 trecentis.

312 1237 469 1277 ..Proinde
487 1238 638 1288 desinant
656 1237 797 1289 quidam
831 1251 974 1289 quaerere
1004 1237 1097 1275 ultra
1112 1266 1125 1284 ‚
1151 1249 1214 1275 aut
1238 1236 1400 1287 opinari,
1427 1234 1603 1286 mihique,

313 1298 373 1350 qui
399 1310 601 1350 compertum
629 1299 760 1346 habeo,
789 1299 931 1337 credant
959 1312 970 1335 .·
1007 1308 1070 1335 aut
1091 1297 1226 1350 quidem
1253 1295 1468 1348 vetustfffima
1486 1311 1602 1337 nave,

313 1375 513 1412 quocunque
534 1374 636 1400 vento
652 1390 664 1409 ,
687 1361 724 1398 in
747 1360 964 1413 quascunque
994 1372 1103 1398 tetras
1124 1356 1252 1413 jubebo
1280 1360 1397 1399 avehi.

367 1423 475 1463 XIII.
507 1424 674 1474 Praeceps
714 1423 833 1463 videri
863 1421 945 1462 haec
975 1422 1215 1472 exaggeratio
1248 1421 1445 1461 hostilium
1464 1419 1601 1463 virium

315 1493 455 1536 queat:
486 1485 552 1525 sed
589 1486 627 1524 in
662 1485 798 1524 audaci
829 1492 961 1534 coepto
990 1483 1185 1534 plenoque
1220 1482 1483 1533 periculorum
1518 1481 1603 1533 plus

314 1549 469 1596 oberat,
498 1558 704 1588 extenuare
732 1548 831 1587 velle
861 1548 1011 1595 verbis,
1034 1549 1139 1597 quod
1166 1547 1332 1586 sensibus
1353 1559 1409 1586 res
1435 1546 1512 1597 ipsa
1541 1547 1600 1584 in·

313 1610 469 1661 gerebat
496 1611 671 1661 quotidie
691 1624 699 1650 :
725 1612 760 1650 ἃ
782 1610 980 1660 praestabat
1008 1608 1108 1647 hanc
1133 1609 1172 1646 in
1195 1617 1342 1658 partem
1359 1608 1484 1658 decipi
1502 1606 1599 1647 mili.

312 1679 371 1710 tes
384 1701 395 1719 ,
419 1671 503 1721 plus
531 1671 728 1711 habituros
748 1671 824 1722 spei
841 1702 851 1719 ,
870 1671 894 1710 si
914 1702 925 1719 ,
943 1670 1153 1711 obfirmatis
1175 1670 1222 1708 ad
1241 1669 1421 1719 graviora.
1439 1668 1601 1716 animis,

309 1735 462 1774 minora
490 1735 672 1785 opinione
698 1733 915 1773 discrimina
949 1732 1147 1772 tractando
1173 1730 1453 1781 comperissent.
1485 1729 1598 1769 Cete-

316 1807 404 1834 rum
437 1795 602 1843 Jubam,
635 1795 699 1834 vix
728 1806 844 1844 regno
874 1792 1086 1844 egressum,
1117 1791 1356 1842 necopinatae
1387 1789 1494 1829 domi
1524 1798 1599 1829 tur-

317 1857 376 1899 bae
412 1859 614 1899 confestim
641 1864 880 1897 revocarunt.

376 1923 480 1963 XIV.
509 1922 660 1963 Publius
691 1922 795 1961 enim
826 1919 942 1960 Sitius
969 1916 1209 1964 Nucerinus,
1240 1914 1378 1964 junctis
1409 1926 1498 1953 cum
1525 1913 1598 1953 Bo.

314 1984 418 2036 gude
453 1997 540 2034 rege
575 1984 722 2035 copii52
751 1982 882 2021 invafit
914 1980 1138 2021 Numidiam
1167 1992 1175 2019 ε
1207 1978 1387 2028 Cirtaque
1420 1976 1593 2017 maximo

316 2046 463 2097 oppido
487 2046 615 2097 paucis
649 2044 785 2084 diebus
819 2051 1036 2093 expugnato
1051 2073 1062 2090 ‚
1087 2043 1122 2081 &
1145 2053 1223 2080 uno
1246 2048 1359 2090 atque
1383 2037 1500 2078 altero
1524 2049 1586 2076 ca·

314 2117 383 2158 pto
420 2108 566 2159 oppido
599 2107 860 2154 Gaetulorum‚
890 2105 1150 2145 necessitatem
1185 2104 1221 2143 ei
1256 2102 1319 2141 sua
1355 2099 1595 2140 defendendi

314 2169 587 2220 imposuerunt.
625 2169 742 2220 Igitur
764 2168 937 2208 abdudtis
966 2180 987 2206 a
1013 2167 1194 2217 Scipione
1228 2164 1300 2204 suis
1321 2162 1472 2203 auxiliis
1488 2192 1499 2210 ‚
1526 2174 1588 2200 re-

315 2231 429 2282 liquit
464 2240 613 2270 tantum
648 2229 875 2281 elephantos
908 2230 1089 2282 triginta,
1126 2227 1237 2267 rudes
1264 2225 1414 2272 adhuc,
1439 2226 1474 2264 ἅ
1500 2221 1597 2263 mul-

316 2300 445 2332 torum
467 2305 654 2332 annorum
670 2291 738 2331 usu
763 2291 825 2331 vix
842 2291 1074 2330 edocendos.
1095 2289 1180 2340 plus
1198 2301 1286 2339 ergo
1304 2287 1429 2338 specie
1444 2317 1455 2334 ‚
1479 2297 1595 2336 quarn

319 2356 488 2403 viribus,
509 2353 730 2402 nocebant,
751 2352 840 2404 quia
865 2353 1053 2405 perterriti
1078 2351 1244 2393 hostium
1260 2350 1349 2400 equi
1366 2348 1414 2387 ad
1436 2346 1595 2397 conspe-

366 2474 387 2551 ξ
412 2473 470 2563 {L
487 2473 611 2506 Auctor
625 2473 663 2506 de
682 2474 716 2507 B.
736 2472 839 2506 Afric.
863 2471 884 2517 5
903 2469 982 2506 ΧΗ,
999 2471 1140 2504 Sueten.
1159 2468 1194 2500 in
1215 2466 1299 2502 Caes.
1317 2465 1467 2510 Polyaen.
1483 2464 1593 2498 Strat-

367 2510 375 2518 ⁴

318 2515 342 2552 l.
467 2518 556 2552 Xlll.
579 2518 660 2553 Dio.
