1685 3042
303 226 366 264 ἠ
465 215 555 263 Jo.
588 180 1078 263 FREINSHEMH
1125 216 1492 264 suppum:

300 322 473 372 regimen
501 336 625 363 rerum
651 324 726 363 fine
750 324 978 364 exercitibus
1001 324 1151 363 retineri
1180 322 1284 374 posse
1313 330 1497 372 noverat,
1525 323 1586 362 di-
1624 355 1629 358 .

302 384 517 433 cebatque3
541 398 667 436 neque
695 387 882 440 exercitus
913 386 989 424 fine
1011 385 1205 435 stipendiis
1233 397 1281 423 ac
1306 385 1482 435 praemiis.
1521 385 1584 425 Id-

298 445 404 484 circo
428 448 463 485 &
488 459 600 496 quam
624 461 644 487 a
670 461 818 498 quaque
843 448 995 486 civitate
1021 447 1209 486 summam
1229 447 1444 497 promissam
1469 448 1584 488 Pom-

299 508 392 556 pejo
419 518 677 557 cognoverat,
703 510 850 559 exegit:
882 513 917 549 ἃ
941 509 988 548 ab
1014 509 1115 558 aliis,
1135 511 1285 560 quaesltO
1314 507 1488 561 undic'jue
1515 523 1583 551 co-

297 565 407 615 lore,
437 569 650 618 postulavit.
687 570 778 621 Tyri
807 579 907 609 certe
935 570 1079 610 sustulit
1103 584 1125 610 e
1152 571 1385 612 sanc‘tiffimo
1404 572 1582 613 Herculis

297 626 392 666 fano
421 630 605 678 donaria,
632 636 697 681 per
725 645 813 670 eam·
843 633 1019 681 causam,
1048 635 1142 685 quod
1155 633 1351 686 ficgientem
1375 649 1450 673 cum
1467 635 1584 686 privi-

298 704 370 742 gno
391 693 582 741 Corneliam
601 695 703 746 Tyrii
726 695 947 748 hospitaliter
961 696 1176 747 excepffnt.
1198 697 1303 739 Mifit
1325 700 1360 736 ἃ
1384 698 1424 736 in
1446 697 1582 736 urbem

300 752 507 802 epistolas,
535 755 783 795 collationem
818 757 1030 806 pecuniofis
1059 757 1263 806 imperans.
1301 773 1377 808 quo
1405 767 1581 810 tempore

298 812 345 852 T.
375 814 588 865 Pomponio
607 817 758 864 Attico,
784 827 939 867 propter
966 817 1156 867 egregiam
1187 818 1444 868 integritatem
1467 822 1583 869 vitae‚

296 886 374 911 non
408 876 525 914 modo
555 875 735 914 molestus
759 890 837 915 non
860 878 957 924 fuit,
985 876 1049 915 sed
1076 878 1191 915 etiam
1220 878 1361 916 remisit
1384 880 1596 919 condona-2-

296 936 423 986 vitque
456 938 504 986 Q.
526 938 751 977 Ciceronem
769 940 815 988 Q
841 939 882 978 F.
907 940 1022 979 Attici
1046 938 1172 978 sorore
1196 942 1394 991 genitum;
1425 942 1466 985 C.
1489 942 1582 983 Tre-

294 996 439 1043 bonio,
466 1001 509 1037 A.
540 999 668 1038 Hirtio
697 1011 768 1048 pro
803 1012 848 1037 eo
879 1000 1186 1049 deprecantibus.

362 1059 547 1099 XXVIII.
588 1059 690 1098 Dum
720 1059 785 1098 ista
821 1072 889 1110 per
926 1061 1090 1101 diversas
1123 1063 1338 1113 provincias
1374 1071 1581 1113 geruntur,

294 1133 453 1170 magnas
482 1121 616 1160 Romae
637 1121 766 1160 turbas
793 1122 1007 1161 tribunatus
1033 1124 1072 1163 P.
1094 1123 1259 1164 Cornelii
1287 1123 1495 1164 Dolabellae
1516 1137 1581 1163 ex-

297 1182 456 1229 citavit,
483 1182 530 1221 de
545 1182 653 1220 novis
677 1181 817 1222 tabulis
845 1183 1003 1223 ferenda
1023 1183 1119 1235 lege.
1145 1181 1364 1224 Accedebat
1385 1184 1492 1225 malis
1515 1185 1582 1223 ad-

290 1244 475 1283 versarius
501 1245 580 1294 pari
614 1244 773 1283 audacia
809 1245 849 1285 L.
877 1246 1117 1295 Trebellius,
1150 1250 1186 1287 ὃς
1221 1248 1385 1286 deterior
1418 1257 1580 1297 utroque

292 1304 351 1345 M.
373 1305 559 1344 Antonius
591 1306 763 1354 equiturn
789 1307 975 1356 magister.
1019 1307 1125 1347 Inter
1156 1308 1227 1348 hos
1259 1308 1393 1346 infelix
1421 1309 1582 1357 civitas,

293 1368 531 1416 quotidianis
554 1368 756 1407 terroribus
775 1369 1007 1409 vexabatur:
1034 1371 1187 1409 aliunde
1212 1370 1297 1409 satis
1320 1371 1489 1420 inquieta
1509 1385 1580 1410 no-

291 1440 348 1466 vae
375 1428 643 1467 dominationis
670 1430 807 1467 timore
833 1431 868 1468 &
892 1431 969 1478 jam
999 1429 1129 1477 sensu,
1154 1443 1200 1469 ac
1225 1433 1395 1479 majores
1415 1430 1583 1471 subinde

290 1490 488 1539 praeteritis
528 1489 763 1529 calamitates
796 1490 1027 1539 exspectans.
1080 1493 1182 1532 Nam
1223 1495 1257 1532 ὃς
1300 1493 1507 1544 prodigiis,
1539 1496 1579 1535 δε

291 1551 473 1601 rcsponfis
505 1551 747 1602 haruspicum
788 1553 1134 1601 exanimabantur,
1169 1567 1251 1603 quae
1281 1557 1315 1593 &
1352 1554 1420 1593 illo
1451 1557 1485 1594 δι
1510 1554 1577 1593 su·-

289 1614 441 1663 periore
472 1627 571 1653 anno
605 1626 845 1665 acceperant.
894 1617 1051 1668 Quippe
1080 1617 1122 1656 C.
1150 1616 1318 1664 Caesaoe,
1350 1617 1389 1656 P.
1416 1618 1575 1657 Servilio

294 1675 537 1723 consulibus,
561 1676 629 1716 sub
654 1678 798 1716 exitum
823 1678 910 1717 anni
926 1709 936 1726 ‚
960 1691 1047 1717 cum
1067 1679 1165 1717 forte
1193 1678 1296 1717 sacra
1323 1678 1407 1718 Ifidi
1427 1679 1576 1727 fierent,

294 1749 458 1778 examen
483 1752 597 1788 apum
624 1740 663 1777 in
690 1739 901 1789 Capitolio,
924 1742 1029 1790 juxta
1058 1740 1243 1780 colossum
1268 1740 1442 1781 Herculis
1468 1741 1577 1783 sedit.

348 1798 503 1839 XXIX.
534 1799 595 1839 Ob
618 1813 702 1838 eam
740 1813 818 1840 rem
851 1801 900 1840 de
932 1800 1118 1842 sententia
1151 1811 1306 1849 vatum,
1335 1804 1464 1842 omnia
1493 1813 1577 1843 tum

292 1861 426 1910 Ifidis,
459 1870 541 1902 tum
573 1864 763 1915 Serapidis
797 1864 934 1904 sacella
967 1865 1112 1905 sublata
1153 1865 1248 1906 sunt.
1297 1867 1351 1908 Ea
1382 1868 1475 1907 dum
1513 1870 1575 1908 di-

293 1935 477 1975 ruuntur,
495 1927 594 1967 forte
617 1930 651 1968 ἃ
675 1929 843 1970 Bellonae
866 1930 1128 1980 aedicula‚per
1153 1943 1318 1970 errorem
1342 1931 1485 1979 excisa,
1511 1944 1576 1970 ne-

291 1986 497 2026 fandorum
540 1988 727 2028 sacrorum
770 1989 1036 2029 crudelitatem
1076 1990 1257 2041 patefecit
1273 2022 1285 2039 ‚
1327 1993 1484 2042 repertis
1521 1993 1578 2033 ibi

291 2048 470 2089 fictilibus
507 2049 671 2090 humana
712 2064 823 2091 carne
856 2052 990 2102 plenis.
1036 2053 1122 2093 Hoc
1159 2063 1288 2092 autem
1323 2067 1452 2101 anno,
1492 2068 1570 2106 quo

293 2109 569 2150 Alexandrinos
593 2114 626 2151 ὁὶ
642 2112 875 2152 Pharnacem
895 2114 987 2152 vicit
1002 2114 1146 2161 Caesar,
1173 2128 1332 2165 magnus
1358 2124 1464 2155 terrae
1491 2129 1576 2155 mo-

293 2179 358 2210 tus
389 2173 551 2221 exstitit,
589 2173 692 2213 bubo
721 2175 945 2225 conspectus
971 2176 1047 2224 est,
1078 2176 1241 2216 fulmina
1270 2177 1501 2227 Capitolium
1535 2180 1571 2219 &

294 2236 427 2275 fanum
445 2237 619 2276 Fortunae
638 2238 800 2288 publicae
815 2270 826 2284 ,
841 2239 1067 2289 Caesarisque
1082 2239 1228 2288 hortos,
1245 2242 1277 2280 Sc
1303 2242 1342 2279 in
1363 2241 1407 2279 iis
1429 2254 1572 2292 equum

293 2310 342 2336 ex
368 2298 629 2349 insignioribus
652 2301 933 2351 percusserunt,
958 2304 993 2341 δε
1018 2302 1195 2341 Fortunae
1223 2302 1411 2350 templum
1439 2302 1575 2352 sponte

293 2361 430 2409 patuit.
464 2360 643 2400 Praeterea
669 2361 815 2412 sanguis
838 2376 859 2401 e
885 2363 1035 2414 pistrino
1062 2362 1226 2412 effusus,
1254 2364 1375 2402 aedem
1394 2363 1573 2403 fortunae

343 2477 364 2511 (i
397 2478 535 2510 XXVII.
574 2479 653 2511 Dio.
691 2480 795 2512 Corn.
831 2482 917 2521 Nep.
940 2482 976 2513 in
996 2482 1102 2514 Attic.
1139 2481 1210 2514 Cic.
1234 2481 1273 2515 ad
1297 2482 1402 2516 Attic.
1429 2492 1463 2515 11
1485 2508 1494 2523 ,
1516 2492 1571 2526 23.

294 2520 320 2565 5
343 2522 498 2555 XXVIII.
527 2523 604 2556 Liv.
632 2525 721 2567 Epir.
748 2525 818 2559 Cic.
845 2525 929 2559 Phil.
955 2537 1016 2568 ιο,
1036 2537 1087 2560 10.
1109 2525 1189 2559 Dio„
