1685 3042
218 208 301 255 IN
349 205 510 253 Loc.
552 203 692 249 L113.
744 201 970 247 cxxvii
1018 201 1162 246 ων.
1264 211 1353 260 345

79 331 209 370 agrum
243 324 351 356 erant
375 312 579 366 dispofita,
600 307 705 348 nullo
738 308 894 358 negotio
917 310 961 346 in
985 307 1222 347 deditionem
1252 316 1361 344 acce-

79 384 148 433 pit.
194 381 312 421 Erant
352 378 453 417 enim
484 389 504 414 e
540 372 720 413 Cassianis
756 370 966 418 militibus,
1005 370 1242 410 familiariter
1273 367 1360 406 noti

79 445 276 492 Labieno,
302 455 396 493 quos
428 439 494 480 suo
528 437 767 477 sacramento
804 435 958 474 adactos
1001 433 1259 471 custodiendae
1290 432 1361 482 Sy-

80 509 167 554 riae,
191 506 294 557 quod
324 502 455 544 affueti
480 501 539 539 his
566 497 790 551 regionibus
817 495 1072 542 videbantur,
1095 495 1281 533 Antonius
1305 505 1360 531 re-

79 570 253 620 liquerat.
290 576 446 617 tamque
475 576 620 615 pronus
654 563 692 602 in
731 561 798 600 has
832 569 959 611 partes
999 557 1174 597 omnium
1210 557 1363 595 animus

82 633 183 682 fuit,
209 640 253 670 ut
277 629 378 670 solus
403 642 423 668 e
447 636 553 667 tanto
582 638 743 665 numero
771 625 898 671 Saxa,
919 621 1032 672 legati
1055 620 1170 659 frater
1196 620 1231 658 δε
1256 631 1364 668 quae-

84 663 183 741 storz
209 694 290 742 ejus
325 689 469 730 consilii
502 700 637 738 expers
671 692 852 726 maneret.
900 682 1020 733 Igitur
1050 679 1234 720 Decidius
1264 679 1364 718 Saxa

83 758 254 807 legatus,
278 754 327 794 ad
355 753 643 793 defendendam
669 749 930 801 provinciam,
953 745 1104 798 quantis
1126 751 1277 795 poterat
1301 755 1366 781 co-

84 819 185 869 piis,
214 829 441 868 properans,
470 827 558 854 cum
589 815 629 852 in
662 812 698 852 se
726 811 938 853 Labienum
967 807 1221 855 abstraxiflet,
1246 806 1364 846 castra

84 881 181 920 inter
210 877 456 919 Antiochiam
484 879 521 917 δε
561 878 771 927 Apameam
807 874 943 925 posuit.
969 874 1044 914 Sed
1073 871 1263 913 Labienus
1288 869 1365 908 fre-

85 950 242 991 quentes
277 941 374 978 intra
403 941 484 988 ejus
507 937 649 977 vallum
675 937 824 977 libellos
845 935 1034 986 jaciebat,
1058 936 1210 973 coaelam
1236 916 1271 971 ἐξ
1283 944 1366 983 pro-

86 1002 218 1054 brosam
251 1002 414 1040 militiam
446 1014 521 1040 cum
555 1000 688 1039 meliore
724 1010 915 1053 permutare
948 996 1214 1036 commilitonum
1248 1005 1366 1031 exem-

81 1066 144 1119 plo
166 1065 318 1114 jubens.

152 1126 222 1166 XI.
266 1126 348 1166 Nec
379 1122 486 1164 ausus
521 1121 634 1162 militi
669 1121 863 1161 confidere
899 1118 1103 1165 Decidius,
1130 1116 1274 1156 servare
1299 1127 1368 1165 po-

86 1190 164 1230 tius
188 1190 400 1228 exercitum
420 1187 571 1238 longius
599 1186 809 1225 abductum
830 1183 975 1230 statuit,
997 1194 1111 1232 quam
1132 1180 1235 1219 hunc
1257 1176 1367 1217 simul

92 1255 127 1292 ἃ
162 1250 398 1301 provinciam
425 1251 610 1288 amittere.
641 1248 715 1288 Sed
751 1246 919 1297 equitatu
952 1243 1126 1284 Parthico
1158 1241 1368 1280 inhaerente

87 1314 202 1362 tergis
240 1311 493 1358 abeuntium,
530 1309 711 1359 proelium
743 1309 984 1347 committere
1018 1308 1197 1349 coaetus,
1227 1315 1368 1353 magno

88 1374 242 1413 suorum
276 1386 437 1412 numero
469 1371 626 1416 amisso,
660 1369 908 1410 Antiochiam
942 1368 1118 1418 perfugit.
1154 1366 1370 1413 Labienus,

88 1436 356 1476 auctoritatem
381 1433 547 1472 addente
577 1431 758 1478 victoria,
784 1432 863 1480 jam
890 1429 964 1468 sme
994 1428 1200 1467 certamine
1224 1426 1372 1475 recepit

90 1499 323 1546 Apameam,
362 1494 511 1533 cunctis
544 1491 762 1531 occubuisse
802 1491 939 1530 Saxam
983 1486 1239 1527 credentibus.
1275 1485 1373 1525 Inde

92 1558 283 1609 profeetus
315 1554 581 1600 Antiochiam,
609 1553 708 1592 hanc
735 1564 886 1602 quoque
906 1551 998 1601 fuga
1025 1550 1286 1589 Romanorum
1309 1547 1375 1586 de-

92 1622 229 1661 sertam
270 1619 385 1669 cepit.
426 1615 686 1666 affecutusque
715 1616 851 1655 Saxam
889 1614 927 1652 in
958 1613 1135 1653 Ciliciam
1165 1623 1376 1662 properan-

93 1692 194 1731 tem,
217 1694 263 1721 eo
295 1679 568 1730 desperationis
607 1678 794 1724 adduxit,
823 1684 866 1715 ut
894 1674 962 1714 fibi
1000 1686 1157 1713 manum
1191 1672 1374 1720 inferret,

94 1758 168 1792 ne,
190 1742 322 1783 amisso
348 1742 546 1789 exercitu,
571 1741 677 1778 vivus
706 1740 851 1778 veniret
873 1738 913 1776 in
943 1736 1106 1776 hostium
1134 1734 1376 1785 potestatem.

95 1807 198 1847 Hinc
219 1803 391 1844 universa
407 1804 454 1854 Sy
459 1803 511 1841 ria
538 1801 766 1841 Parthorum
789 1799 911 1847 faeta,
934 1807 1066 1849 praeter
1094 1799 1267 1848 Tyrum,
1290 1807 1374 1844 quae

93 1873 223 1916 portas
264 1864 405 1903 Pacoro
448 1861 606 1909 claunt,
640 1860 726 1910 quia
765 1858 892 1899 valido
926 1857 1099 1908 praefidio
1137 1867 1257 1905 nuper
1288 1866 1377 1892 eam

95 1926 283 1968 Antonius
319 1925 568 1964 firmaverat.
603 1921 816 1971 eodemque
853 1933 990 1970 magna
1029 1931 1163 1957 manus
1190 1929 1237 1956 ex
1269 1917 1379 1968 Syria

97 1990 335 2033 confluxerat
358 1987 573 2028 Parthicum
594 1985 798 2034 imperium
826 1983 1092 2023 recusantium.
1121 1981 1178 2021 Ab
1197 1980 1256 2019 his
1283 1993 1378 2019 con·

98 2061 154 2091 tra
172 2050 360 2101 pedestres
384 2049 549 2088 hostium
578 2048 709 2097 copias
726 2045 906 2099 (claffem
930 2045 1032 2084 enim
1052 2057 1131 2082 non
1155 2041 1377 2094 habebant)

99 2113 204 2152 haud
236 2124 332 2162 aegre
367 2109 521 2150 defensa
558 2109 621 2148 est.
648 2108 707 2148 Ex
741 2108 847 2158 Syria
876 2107 1040 2146 Pacorus
1068 2106 1108 2144 in
1146 2103 1377 2144 Palaestinam

98 2174 260 2220 transiit,
278 2174 421 2214 accitus
442 2187 464 2212 a
484 2173 660 2224 Lysania,
677 2172 769 2221 qui,
787 2168 992 2210 Ptolemaeo
1012 2168 1192 2209 Mennaeo
1211 2166 1375 2218 genitus,

99 2246 302 2289 paternam
333 2236 521 2275 ditionem
546 2233 758 2273 obtin-ebat.

152 2299 242 2339 XII.
278 2299 354 2340 Hic
384 2299 604 2351 Antigonum
629 2296 785 2337 Judaeum
810 2293 903 2334 mille
931 2294 1089 2341 talenta,
1114 2306 1190 2331 cum
1212 2291 1378 2344 quingen-

144 2432 165 2474 S
190 2433 338 2466 X.F101.
356 2433 437 2465 Dio
459 2432 583 2471 Vellei.
611 2441 629 2462 2
643 2429 721 2472 ‚7S.
747 2428 885 2470 Ioseph.
909 2428 1014 2470 antiq.
1039 2426 1115 2458 Jud.
1137 2435 1175 2464 14
1156 2435 1195 2464 4,
1219 2433 1257 2459 ¹2¹·
1297 2421 1375 2455 Liv

104 2478 155 2519 {Pp
160 2479 198 2509 it.
221 2478 366 2520 Appian.
402 2477 423 2520 §
454 2476 511 2507 XI.
535 2476 743 2517 F101·3‚9·
765 2475 877 2506 Acron
900 2474 933 2504 in
951 2472 1037 2504 Hor.
1061 2482 1161 2504 carm.
1183 2466 1276 2514 3,6.
1298 2467 1377 2503 Liv-

110 2521 198 2566 Epir
228 2521 364 2567 Ioseph.
388 2522 426 2556 de
452 2521 487 2556 B.
519 2519 593 2558 Jkd.
622 2518 926 2564 1‚11‚z&ait'1q
947 2518 972 2554 t.
996 2526 1050 2558 14.
