1685 3042
265 170 361 233 '344
428 168 1053 237 JO.FRE1NSHEM11
1099 173 1451 221 SUPPLEM.

266 275 388 314 habere
419 276 609 314 maximum
639 278 787 331 Caesaris
816 279 1016 330 beneficium
1038 294 1106 318 non
1131 282 1274 320 abnuat.
1289 283 1347 332 fin
1372 296 1451 320 vero
1467 281 1549 332 fta-

263 349 345 376 trem
371 338 475 376 etiam
493 339 650 391 sentiat,
674 355 743 380 non
767 352 886 379 contra
909 342 1200 391 dominationem,
1210 345 1278 396 sed
1294 344 1546 382 dominationis

257 399 378 453 ficies
401 402 554 449 tendere,
579 413 650 440 tum
665 401 705 453 se
734 400 859 454 Caefizri
883 401 1066 455 affitturum
1100 418 1220 443 contra
1237 404 1409 457 fratrem,
1430 420 1551 457 quam-

266 462 331 498 diu
354 462 385 500 ei
406 463 572 500 meliorem
592 477 723 501 manere
743 475 884 500 mentem
905 465 1056 515 putarit.
1079 465 1189 503 Porro
1213 465 1451 519 rempublicam
1470 478 1549 504 ame

266 537 396 562 omnem
417 526 451 563 δ’
472 526 711 577 cognationem
741 527 776 564 δ’
795 526 947 577 gratiam
967 529 1155 577 positurum
1182 527 1254 579 effi.

319 593 389 634 IX.
411 594 530 636 Caesar
544 626 555 643 ‚
577 609 657 634 non
679 595 931 634 indeleftatus
947 593 1023 634 hoc
1046 595 1247 645 sermone,
1267 609 1385 635 contra
1398 596 1548 648 fratrem

255 655 385 710 fratris
413 672 515 709 opera
550 660 705 708 negavit
739 659 900 710 usurum,
923 672 965 695 ne
983 659 1023 708 fi
1049 658 1155 696 vellet
1187 659 1322 710 quidem
1337 659 1436 711 sequi
1448 674 1464 708 ;
1480 659 1548 711 sed

262 719 460 770 universam
491 719 727 771 Hispaniam,
757 734 834 758 cum
860 719 1070 757 exercitibus
1102 720 1133 757 ei
1159 719 1365 758 crediturum
1388 720 1449 770 ‘ff
1465 749 1476 767 ‚
1508 731 1548 757 ut

257 793 323 832 pro
357 779 485 832 legatis
519 781 647 818 lzabeat
663 811 674 828 ‚
701 781 761 832 qui
789 793 860 818 tum
878 781 954 832 fint
981 780 1018 819 in
1049 780 1253 833 Hispania,
1278 782 1362 820 Sex.
1388 782 1548 820 Peduce-

253 839 358 895 jum,
384 840 425 879 L.
450 840 657 881 Carinatem.
692 841 782 881 Hoc
806 841 989 881 nimirum
1021 843 1178 881 nomine
1206 843 1381 882 custodes
1407 842 1445 883 Li
1473 843 1550 881 An-

263 902 374 941 tonio
408 902 660 942 addebantur.
696 903 799 953 Dum
831 903 883 942 ita
917 904 1068 943 diversis
1101 903 1197 943 locis
1228 905 1410 945 Romanae
1446 905 1547 943 vires

262 963 526 1012 colliduntur,
559 965 686 1005 Parthi
723 978 814 1005 cum
844 967 1024 1006 maximis
1055 968 1175 1017 copiis
1204 967 1243 1005 in
1266 969 1437 1018 Syriam,
1466 969 1500 1006 δι
1523 979 1545 1005 e

263 1026 369 1075 Syria
398 1029 438 1066 in
463 1027 584 1067 Asiam
608 1026 836 1080 irruperunt.
875 1029 980 1077 quod
1012 1028 1157 1067 bellum
1182 1028 1257 1067 hoc
1281 1030 1444 1068 maxime
1465 1042 1547 1068 mo-

262 1090 314 1129 do
343 1089 552 1129 conflatum
582 1097 694 1138 atque
719 1089 961 1131 commiffum
989 1091 1052 1129 est.
1087 1091 1274 1130 Crassiana
1299 1093 1548 1141 expeditione

262 1152 433 1203 primum
465 1150 600 1190 irritati
626 1151 776 1200 Parthi,
810 1165 899 1191 mox
924 1151 1012 1191 elati
1044 1152 1226 1201 viel-oria,
1255 1153 1400 1203 semper
1433 1153 1547 1192 dein-

255 1226 351 1264 ceps
381 1226 428 1252 eo
456 1213 586 1252 animo
619 1213 799 1262 fuerunt,
827 1223 869 1252 ut
896 1216 928 1253 ἅ
958 1214 1140 1253 auderent
1171 1214 1312 1254 bellare
1339 1227 1427 1253 cum
1463 1214 1545 1255 Ro-

260 1276 407 1324 manis,
435 1277 470 1316 &
493 1285 687 1326 cuperent.
724 1275 820 1323 Sed,
848 1284 890 1315 ut
918 1275 982 1323 fit,
1012 1276 1174 1315 subinde
1204 1277 1544 1315 intervenientibus

257 1340 398 1384 moris,
425 1339 468 1378 in
493 1339 534 1377 id
567 1347 720 1388 ternpus
751 1338 867 1377 dilata
900 1351 956 1377 res
989 1339 1064 1386 est,
1088 1353 1163 1389 quo
1191 1340 1276 1389 post
1304 1339 1545 1389 Philippense

259 1399 404 1439 bellum
437 1399 648 1448 Antonius,
686 1400 871 1450 cogendis
902 1400 1043 1450 ubique
1077 1403 1273 1452 pecuniis,
1310 1405 1546 1453 maximope-

256 1476 297 1503 re
316 1462 527 1512 provincias
548 1460 724 1499 alienaffe
747 1462 979 1501 videbatur:
1005 1475 1051 1502 eo
1078 1465 1234 1512 quidem
1261 1465 1428 1514 profecta
1456 1468 1546 1505 Ara.

259 1526 413 1564 diorum
441 1522 625 1568 audacia,
653 1533 696 1560 ut
726 1522 902 1560 Curtium
936 1521 1116 1563 Salassam
1149 1536 1238 1563 cum
1275 1534 1436 1574 quatuor
1469 1539 1542 1565 co-

257 1584 455 1631 hortibus,
484 1583 680 1634 exigendae
721 1584 893 1634 pecuniae
925 1582 1037 1622 causa
1069 1585 1243 1634 millum,
1274 1586 1402 1625 vivum
1436 1598 1544 1626 com·

259 1647 455 1689 buterent.

311 1720 363 1761 X.
405 1720 517 1759 Forte
546 1719 593 1760 T.
621 1718 809 1760 Labienus
837 1719 884 1760 T.
908 1718 951 1760 F.
981 1719 1029 1758 ad
1051 1719 1288 1760 sollicitanda
1319 1719 1542 1760 Parthorum

260 1784 401 1824 auxilia
423 1782 549 1822 missus
568 1796 589 1821 a
613 1783 749 1830 Bruto,
778 1783 859 1833 post
873 1785 955 1832 ejus
975 1783 1167 1822 interitum
1187 1785 1391 1835 occasionem
1415 1783 1544 1822 osten-

257 1856 339 1887 tare
373 1859 451 1885 non
489 1845 705 1893 desinebat,
731 1846 890 1885 Antonio
929 1847 1026 1897 apud
1061 1846 1279 1896 Cleopatram
1314 1846 1446 1894 defide,
1475 1847 1543 1885 Cae.

251 1910 329 1963 sare
360 1908 616 1961 Pompejoque,
642 1909 675 1947 cb
705 1908 875 1959 quidquid
902 1908 1008 1945 armis
1039 1908 1198 1945 validum
1231 1909 1327 1959 apud
1360 1910 1541 1947 Romanos

258 1973 400 2024 usquam
420 1970 524 2023 effic,
552 1983 670 2008 mutuo
687 1970 726 2022 fe
743 1971 967 2009 atterentibus
984 2000 994 2016 ,
1011 1972 1051 2022 fi'
1076 1984 1220 2022 gnarum
1247 1985 1346 2021 opum
1363 2000 1373 2018 ,
1403 1983 1541 2022 quantae

253 2035 376 2087 cuique
407 2032 547 2073 civitati
580 2031 707 2084 efflat,
741 2046 890 2084 gnarum
935 2033 1145 2079 animorum,
1159 2034 1196 2082 fi
1226 2033 1402 2083 copiarum
1433 2033 1537 2085 impe.

253 2098 341 2134 rium
359 2095 427 2147 fibi
468 2095 645 2141 credatur,
675 2094 816 2131 omnino
843 2094 1029 2131 relaturum
1056 2095 1125 2146 regi
1147 2109 1209 2145 pro
1237 2094 1411 2143 beneficiis
1445 2108 1536 2146 gra-

255 2158 353 2196 tiam.
381 2155 447 2195 His
472 2163 667 2205 permotus
689 2154 860 2202 Orodes,
878 2156 1088 2192 exercitum
1113 2153 1279 2194 Labieno
1308 2156 1535 2204 maximum,

258 2231 348 2258 cum
370 2217 450 2257 filio
471 2216 611 2256 Pacoro
631 2218 665 2255 ἃ
691 2224 900 2267 purpurato
925 2216 1208 2266 Barzapbarne‚
1236 2215 1418 2255 attribuit.
1439 2216 1538 2257 Cum

256 2280 316 2321 his
342 2279 549 2329 irruptione
573 2279 612 2317 in
641 2278 787 2328 Syriam
814 2278 936 2325 faeta,
972 2278 1140 2329 pervenit
1170 2279 1402 2327 Apameam,
1430 2279 1464 2317 ἃ
1489 2277 1535 2317 ab

256 2340 701 2411 oppugnationeNoppidi
734 2340 932 2392 repulsus,
961 2340 1153 2391 praesidia,
1181 2353 1264 2391 quae
1298 2339 1431 2393 pallini
1462 2352 1531 2393 per

295 2476 320 2520 5
350 2475 442 2513 vm.
472 2476 617 2522 Appian.
645 2475 666 2521 §
689 2474 746 2511 IX.
773 2476 862 2512 Flot.
884 2486 901 2521 3
920 2502 930 2520 ,
953 2485 987 2520 9.
1012 2474 1094 2510 nio,
