<?xml version="1.0" encoding="UTF-8"?>
<!DOCTYPE html PUBLIC "-//W3C//DTD XHTML 1.0 Transitional//EN"
    "http://www.w3.org/TR/xhtml1/DTD/xhtml1-transitional.dtd">
<html xmlns="http://www.w3.org/1999/xhtml" xml:lang="en" lang="en">
 <head>
  <title>
</title>
<meta http-equiv="Content-Type" content="text/html;charset=utf-8" />
  <meta name='ocr-system' content='tesseract 3.04.00' />
  <meta name='ocr-capabilities' content='ocr_page ocr_carea ocr_par ocr_line ocrx_word'/>
</head>
<body>
  <div class='ocr_page' id='page_1' title='image "./historiarumlibri11livyuoft_0327.png"; bbox 0 0 1685 3042; ppageno 0'>
   <div class='ocr_carea' id='block_1_1' title="bbox 195 224 1301 287">
    <p class='ocr_par' dir='ltr' id='par_1_1' title="bbox 195 224 1301 287">
     <span class='ocr_line' id='line_1_1' title="bbox 195 224 1301 287; baseline -0.005 -10"><span class='ocrx_word' id='word_1_1' title='bbox 195 230 274 277; x_wconf 86' lang='grc' dir='ltr'>ΙΝ</span> <span class='ocrx_word' id='word_1_2' title='bbox 309 229 477 277; x_wconf 87' lang='lat' dir='ltr'><strong>LOC.</strong></span> <span class='ocrx_word' id='word_1_3' title='bbox 523 226 663 272; x_wconf 90' lang='lat' dir='ltr'>LIB.</span> <span class='ocrx_word' id='word_1_4' title='bbox 713 224 892 271; x_wconf 84' lang='lat' dir='ltr'>CXXV</span> <span class='ocrx_word' id='word_1_5' title='bbox 927 224 1071 271; x_wconf 88' lang='lat' dir='ltr'><strong>LIV.</strong></span> <span class='ocrx_word' id='word_1_6' title='bbox 1204 235 1301 287; x_wconf 76' lang='lat'>313·</span> 
     </span>
    </p>
   </div>
   <div class='ocr_carea' id='block_1_2' title="bbox 34 330 1325 2439">
    <p class='ocr_par' dir='ltr' id='par_1_2' title="bbox 34 330 1304 440">
     <span class='ocr_line' id='line_1_2' title="bbox 34 330 1304 384; baseline -0.006 -8"><span class='ocrx_word' id='word_1_7' title='bbox 34 336 142 384; x_wconf 85' lang='lat' dir='ltr'>dius,</span> <span class='ocrx_word' id='word_1_8' title='bbox 173 336 375 377; x_wconf 82' lang='lat' dir='ltr'>Antoniani</span> <span class='ocrx_word' id='word_1_9' title='bbox 398 335 540 381; x_wconf 88' lang='lat' dir='ltr'>duces,</span> <span class='ocrx_word' id='word_1_10' title='bbox 567 344 655 371; x_wconf 89' lang='lat' dir='ltr'>cum</span> <span class='ocrx_word' id='word_1_11' title='bbox 682 331 749 370; x_wconf 89' lang='lat' dir='ltr'>suo</span> <span class='ocrx_word' id='word_1_12' title='bbox 770 330 922 382; x_wconf 85' lang='lat' dir='ltr'>quisque</span> <span class='ocrx_word' id='word_1_13' title='bbox 946 332 1145 378; x_wconf 78' lang='lat' dir='ltr'>exercitu,</span> <span class='ocrx_word' id='word_1_14' title='bbox 1165 331 1304 381; x_wconf 53' lang='lat' dir='ltr'>seque-z</span> 
     </span>
     <span class='ocr_line' id='line_1_3' title="bbox 37 400 183 440; baseline 0 -1"><span class='ocrx_word' id='word_1_15' title='bbox 37 400 183 440; x_wconf 84' lang='lat' dir='ltr'>bantur.</span> 
     </span>
    </p>

    <p class='ocr_par' dir='ltr' id='par_1_3' title="bbox 34 463 1321 1381">
     <span class='ocr_line' id='line_1_4' title="bbox 88 463 1304 518; baseline -0.011 -7"><span class='ocrx_word' id='word_1_16' title='bbox 88 470 242 511; x_wconf 90' lang='lat' dir='ltr'>XXXI.</span> <span class='ocrx_word' id='word_1_17' title='bbox 260 469 407 509; x_wconf 87' lang='lat' dir='ltr'><strong>Idcirco</strong></span> <span class='ocrx_word' id='word_1_18' title='bbox 421 467 478 508; x_wconf 87' lang='grc' dir='ltr'>Μ.</span> <span class='ocrx_word' id='word_1_19' title='bbox 495 467 673 518; x_wconf 76' lang='lat' dir='ltr'><strong>Agrippa,</strong></span> <span class='ocrx_word' id='word_1_20' title='bbox 687 464 907 506; x_wconf 79' lang='lat' dir='ltr'>Salvidieno</span> <span class='ocrx_word' id='word_1_21' title='bbox 930 465 1070 502; x_wconf 83' lang='lat' dir='ltr'>timens</span> <span class='ocrx_word' id='word_1_22' title='bbox 1083 494 1093 511; x_wconf 82' lang='lat'>,</span> <span class='ocrx_word' id='word_1_23' title='bbox 1111 463 1191 514; x_wconf 85' lang='lat' dir='ltr'>ipse</span> <span class='ocrx_word' id='word_1_24' title='bbox 1210 476 1304 513; x_wconf 83' lang='lat' dir='ltr'>quo.</span> 
     </span>
     <span class='ocr_line' id='line_1_5' title="bbox 35 524 1302 581; baseline -0.006 -11"><span class='ocrx_word' id='word_1_25' title='bbox 35 544 108 580; x_wconf 88' lang='lat' dir='ltr'>que</span> <span class='ocrx_word' id='word_1_26' title='bbox 129 530 319 581; x_wconf 85' lang='lat' dir='ltr'>promovit</span> <span class='ocrx_word' id='word_1_27' title='bbox 342 530 494 579; x_wconf 74' lang='lat' dir='ltr'>copias,</span> <span class='ocrx_word' id='word_1_28' title='bbox 517 537 557 567; x_wconf 86' lang='lat' dir='ltr'>ut</span> <span class='ocrx_word' id='word_1_29' title='bbox 576 528 622 567; x_wconf 93' lang='lat' dir='ltr'>ab</span> <span class='ocrx_word' id='word_1_30' title='bbox 640 527 854 568; x_wconf 83' lang='lat' dir='ltr'>Salvidieno</span> <span class='ocrx_word' id='word_1_31' title='bbox 880 526 920 563; x_wconf 91' lang='lat' dir='ltr'>in</span> <span class='ocrx_word' id='word_1_32' title='bbox 942 524 979 563; x_wconf 89' lang='lat' dir='ltr'>se</span> <span class='ocrx_word' id='word_1_33' title='bbox 1006 524 1210 563; x_wconf 77' lang='lat' dir='ltr'>retraheret</span> <span class='ocrx_word' id='word_1_34' title='bbox 1229 524 1302 564; x_wconf 91' lang='lat' dir='ltr'>Lu-</span> 
     </span>
     <span class='ocr_line' id='line_1_6' title="bbox 35 583 1305 639; baseline -0.006 -10"><span class='ocrx_word' id='word_1_35' title='bbox 35 591 137 629; x_wconf 87' lang='lat' dir='ltr'>cium</span> <span class='ocrx_word' id='word_1_36' title='bbox 152 605 162 639; x_wconf 89' lang='lat'>;</span> <span class='ocrx_word' id='word_1_37' title='bbox 179 592 214 630; x_wconf 69' lang='grc' dir='ltr'>δε</span> <span class='ocrx_word' id='word_1_38' title='bbox 231 589 403 637; x_wconf 85' lang='lat' dir='ltr'>viciffim,</span> <span class='ocrx_word' id='word_1_39' title='bbox 422 590 446 628; x_wconf 85' lang='lat' dir='ltr'><strong>fi</strong></span> <span class='ocrx_word' id='word_1_40' title='bbox 467 590 513 629; x_wconf 87' lang='lat' dir='ltr'>ab</span> <span class='ocrx_word' id='word_1_41' title='bbox 531 588 605 627; x_wconf 86' lang='lat' dir='ltr'>hoc</span> <span class='ocrx_word' id='word_1_42' title='bbox 620 587 697 638; x_wconf 87' lang='lat' dir='ltr'>ipse</span> <span class='ocrx_word' id='word_1_43' title='bbox 714 596 917 638; x_wconf 80' lang='lat' dir='ltr'>urgeretur,</span> <span class='ocrx_word' id='word_1_44' title='bbox 940 598 961 624; x_wconf 83' lang='lat' dir='ltr'>a</span> <span class='ocrx_word' id='word_1_45' title='bbox 977 594 1083 635; x_wconf 80' lang='lat' dir='ltr'>tergo</span> <span class='ocrx_word' id='word_1_46' title='bbox 1098 585 1202 623; x_wconf 88' lang='lat' dir='ltr'>Lucii</span> <span class='ocrx_word' id='word_1_47' title='bbox 1224 583 1305 624; x_wconf 84' lang='lat' dir='ltr'>Sal-</span> 
     </span>
     <span class='ocr_line' id='line_1_7' title="bbox 34 645 1307 701; baseline -0.009 -8"><span class='ocrx_word' id='word_1_48' title='bbox 34 652 233 693; x_wconf 85' lang='lat' dir='ltr'>vidienum</span> <span class='ocrx_word' id='word_1_49' title='bbox 260 652 419 691; x_wconf 84' lang='lat' dir='ltr'>haberet</span> <span class='ocrx_word' id='word_1_50' title='bbox 441 652 672 701; x_wconf 86' lang='lat' dir='ltr'>adjutorem.</span> <span class='ocrx_word' id='word_1_51' title='bbox 707 650 780 690; x_wconf 88' lang='lat' dir='ltr'>Res</span> <span class='ocrx_word' id='word_1_52' title='bbox 809 650 907 688; x_wconf 88' lang='lat' dir='ltr'>bene</span> <span class='ocrx_word' id='word_1_53' title='bbox 937 647 1065 686; x_wconf 83' lang='lat' dir='ltr'>ceffit:</span> <span class='ocrx_word' id='word_1_54' title='bbox 1096 645 1307 694; x_wconf 75' lang='lat' dir='ltr'>omissoque</span> 
     </span>
     <span class='ocr_line' id='line_1_8' title="bbox 37 708 1313 764; baseline -0.007 -12"><span class='ocrx_word' id='word_1_55' title='bbox 37 714 163 764; x_wconf 82' lang='lat' dir='ltr'>priore</span> <span class='ocrx_word' id='word_1_56' title='bbox 188 713 343 752; x_wconf 82' lang='lat' dir='ltr'>confilio</span> <span class='ocrx_word' id='word_1_57' title='bbox 359 743 370 761; x_wconf 89' lang='lat'>,</span> <span class='ocrx_word' id='word_1_58' title='bbox 387 713 548 761; x_wconf 88' lang='lat' dir='ltr'>Lucius,</span> <span class='ocrx_word' id='word_1_59' title='bbox 570 725 659 751; x_wconf 91' lang='lat' dir='ltr'>cum</span> <span class='ocrx_word' id='word_1_60' title='bbox 682 712 858 761; x_wconf 74' lang='lat' dir='ltr'>utrInque</span> <span class='ocrx_word' id='word_1_61' title='bbox 882 711 919 749; x_wconf 87' lang='lat' dir='ltr'>se</span> <span class='ocrx_word' id='word_1_62' title='bbox 934 711 1012 760; x_wconf 89' lang='lat' dir='ltr'>peti</span> <span class='ocrx_word' id='word_1_63' title='bbox 1036 708 1313 747; x_wconf 84' lang='lat' dir='ltr'>animadverte-</span> 
     </span>
     <span class='ocr_line' id='line_1_9' title="bbox 34 770 1312 824; baseline -0.007 -9"><span class='ocrx_word' id='word_1_64' title='bbox 34 784 118 824; x_wconf 80' lang='lat' dir='ltr'>ret,</span> <span class='ocrx_word' id='word_1_65' title='bbox 144 776 220 815; x_wconf 84' lang='lat' dir='ltr'>alio</span> <span class='ocrx_word' id='word_1_66' title='bbox 246 776 474 824; x_wconf 77' lang='lat' dir='ltr'>declinavit,</span> <span class='ocrx_word' id='word_1_67' title='bbox 505 788 593 814; x_wconf 90' lang='lat' dir='ltr'>cum</span> <span class='ocrx_word' id='word_1_68' title='bbox 620 775 743 814; x_wconf 73' lang='lat' dir='ltr'>Asinio</span> <span class='ocrx_word' id='word_1_69' title='bbox 776 776 810 813; x_wconf 85' lang='lat'>&amp;</span> <span class='ocrx_word' id='word_1_70' title='bbox 836 772 1015 812; x_wconf 81' lang='lat' dir='ltr'>Ventidio</span> <span class='ocrx_word' id='word_1_71' title='bbox 1036 770 1312 819; x_wconf 67' lang='lat' dir='ltr'>conjuncturus</span> 
     </span>
     <span class='ocr_line' id='line_1_10' title="bbox 36 822 1314 887; baseline -0.007 -11"><span class='ocrx_word' id='word_1_72' title='bbox 36 838 190 887; x_wconf 85' lang='lat' dir='ltr'>copias:</span> <span class='ocrx_word' id='word_1_73' title='bbox 212 837 352 876; x_wconf 88' lang='lat' dir='ltr'>deinde</span> <span class='ocrx_word' id='word_1_74' title='bbox 371 837 419 874; x_wconf 82' lang='lat' dir='ltr'>fic</span> <span class='ocrx_word' id='word_1_75' title='bbox 442 849 594 886; x_wconf 88' lang='lat' dir='ltr'>quoque</span> <span class='ocrx_word' id='word_1_76' title='bbox 616 844 790 874; x_wconf 86' lang='lat' dir='ltr'>metuens</span> <span class='ocrx_word' id='word_1_77' title='bbox 808 834 855 873; x_wconf 88' lang='lat' dir='ltr'>ab</span> <span class='ocrx_word' id='word_1_78' title='bbox 880 833 1062 879; x_wconf 82' lang='lat' dir='ltr'>hostibus,</span> <span class='ocrx_word' id='word_1_79' title='bbox 1081 822 1177 869; x_wconf 87' lang='lat' dir='ltr'>inter</span> <span class='ocrx_word' id='word_1_80' title='bbox 1195 841 1314 878; x_wconf 84' lang='lat' dir='ltr'>angu-</span> 
     </span>
     <span class='ocr_line' id='line_1_11' title="bbox 35 891 1313 945; baseline -0.006 -9"><span class='ocrx_word' id='word_1_81' title='bbox 35 898 121 936; x_wconf 86' lang='lat' dir='ltr'>stias</span> <span class='ocrx_word' id='word_1_82' title='bbox 150 897 354 936; x_wconf 86' lang='lat' dir='ltr'>haerentem</span> <span class='ocrx_word' id='word_1_83' title='bbox 379 897 578 945; x_wconf 83' lang='lat' dir='ltr'>invasuris,</span> <span class='ocrx_word' id='word_1_84' title='bbox 604 897 755 935; x_wconf 78' lang='lat' dir='ltr'>Perufiae</span> <span class='ocrx_word' id='word_1_85' title='bbox 783 895 968 944; x_wconf 85' lang='lat' dir='ltr'>substitit,</span> <span class='ocrx_word' id='word_1_86' title='bbox 989 895 1026 932; x_wconf 93' lang='lat' dir='ltr'>in</span> <span class='ocrx_word' id='word_1_87' title='bbox 1052 893 1145 932; x_wconf 87' lang='lat' dir='ltr'>urbe</span> <span class='ocrx_word' id='word_1_88' title='bbox 1167 891 1313 930; x_wconf 79' lang='lat' dir='ltr'>munita</span> 
     </span>
     <span class='ocr_line' id='line_1_12' title="bbox 37 951 1316 1008; baseline -0.006 -11"><span class='ocrx_word' id='word_1_89' title='bbox 37 959 263 997; x_wconf 86' lang='lat' dir='ltr'>Ventidium</span> <span class='ocrx_word' id='word_1_90' title='bbox 288 968 402 1008; x_wconf 85' lang='lat' dir='ltr'>atque</span> <span class='ocrx_word' id='word_1_91' title='bbox 425 958 635 998; x_wconf 85' lang='lat' dir='ltr'>Pollionem</span> <span class='ocrx_word' id='word_1_92' title='bbox 662 957 956 1007; x_wconf 63' lang='lat' dir='ltr'>exspectaturus.</span> <span class='ocrx_word' id='word_1_93' title='bbox 990 955 1065 995; x_wconf 85' lang='lat' dir='ltr'>Hic</span> <span class='ocrx_word' id='word_1_94' title='bbox 1084 966 1173 992; x_wconf 86' lang='lat' dir='ltr'>eum</span> <span class='ocrx_word' id='word_1_95' title='bbox 1197 951 1316 1002; x_wconf 86' lang='lat' dir='ltr'>legati</span> 
     </span>
     <span class='ocr_line' id='line_1_13' title="bbox 40 1011 1317 1072; baseline -0.007 -11"><span class='ocrx_word' id='word_1_96' title='bbox 40 1021 192 1061; x_wconf 83' lang='lat' dir='ltr'>Caesaris</span> <span class='ocrx_word' id='word_1_97' title='bbox 219 1022 380 1072; x_wconf 85' lang='lat' dir='ltr'>Agrippa</span> <span class='ocrx_word' id='word_1_98' title='bbox 404 1023 438 1060; x_wconf 69' lang='grc' dir='ltr'>δε</span> <span class='ocrx_word' id='word_1_99' title='bbox 458 1021 694 1061; x_wconf 87' lang='lat' dir='ltr'>Salvidienus</span> <span class='ocrx_word' id='word_1_100' title='bbox 712 1020 951 1059; x_wconf 85' lang='lat' dir='ltr'>obsederunt.</span> <span class='ocrx_word' id='word_1_101' title='bbox 976 1019 1024 1058; x_wconf 84' lang='lat' dir='ltr'>At</span> <span class='ocrx_word' id='word_1_102' title='bbox 1042 1016 1182 1065; x_wconf 74' lang='lat' dir='ltr'>Caesar,</span> <span class='ocrx_word' id='word_1_103' title='bbox 1206 1011 1317 1054; x_wconf 67' lang='lat' dir='ltr'>simul</span> 
     </span>
     <span class='ocr_line' id='line_1_14' title="bbox 39 1078 1315 1133; baseline -0.006 -10"><span class='ocrx_word' id='word_1_104' title='bbox 39 1084 252 1123; x_wconf 85' lang='lat' dir='ltr'>Antonium</span> <span class='ocrx_word' id='word_1_105' title='bbox 292 1083 422 1123; x_wconf 83' lang='lat' dir='ltr'>Romae</span> <span class='ocrx_word' id='word_1_106' title='bbox 452 1082 524 1122; x_wconf 78' lang='lat' dir='ltr'>effe</span> <span class='ocrx_word' id='word_1_107' title='bbox 556 1093 813 1133; x_wconf 84' lang='lat' dir='ltr'>cognoverat,</span> <span class='ocrx_word' id='word_1_108' title='bbox 850 1082 899 1120; x_wconf 85' lang='lat' dir='ltr'>ad</span> <span class='ocrx_word' id='word_1_109' title='bbox 937 1080 1071 1119; x_wconf 88' lang='lat' dir='ltr'>urbem</span> <span class='ocrx_word' id='word_1_110' title='bbox 1101 1078 1315 1125; x_wconf 82' lang='lat' dir='ltr'>festinavit,</span> 
     </span>
     <span class='ocr_line' id='line_1_15' title="bbox 43 1138 1317 1195; baseline -0.006 -12"><span class='ocrx_word' id='word_1_111' title='bbox 43 1147 101 1192; x_wconf 72' lang='grc' dir='ltr'>ἃ,</span> <span class='ocrx_word' id='word_1_112' title='bbox 128 1143 195 1183; x_wconf 92' lang='lat' dir='ltr'>illo</span> <span class='ocrx_word' id='word_1_113' title='bbox 222 1144 368 1184; x_wconf 89' lang='lat' dir='ltr'>dudum</span> <span class='ocrx_word' id='word_1_114' title='bbox 389 1144 555 1195; x_wconf 80' lang='lat' dir='ltr'>egreffo,</span> <span class='ocrx_word' id='word_1_115' title='bbox 580 1144 673 1183; x_wconf 83' lang='lat' dir='ltr'>citra</span> <span class='ocrx_word' id='word_1_116' title='bbox 702 1152 894 1182; x_wconf 88' lang='lat' dir='ltr'>certamen</span> <span class='ocrx_word' id='word_1_117' title='bbox 919 1150 1118 1191; x_wconf 86' lang='lat' dir='ltr'>receptus,</span> <span class='ocrx_word' id='word_1_118' title='bbox 1142 1138 1317 1190; x_wconf 85' lang='lat' dir='ltr'>protinus</span> 
     </span>
     <span class='ocr_line' id='line_1_16' title="bbox 44 1201 1318 1258; baseline -0.007 -11"><span class='ocrx_word' id='word_1_119' title='bbox 44 1209 94 1247; x_wconf 90' lang='lat' dir='ltr'>ad</span> <span class='ocrx_word' id='word_1_120' title='bbox 118 1207 395 1258; x_wconf 88' lang='lat' dir='ltr'>insequendum</span> <span class='ocrx_word' id='word_1_121' title='bbox 429 1208 552 1246; x_wconf 82' lang='lat' dir='ltr'>exiit:</span> <span class='ocrx_word' id='word_1_122' title='bbox 588 1218 661 1245; x_wconf 91' lang='lat' dir='ltr'>nec</span> <span class='ocrx_word' id='word_1_123' title='bbox 691 1206 850 1256; x_wconf 86' lang='lat' dir='ltr'>adeptus</span> <span class='ocrx_word' id='word_1_124' title='bbox 883 1204 1104 1251; x_wconf 87' lang='lat' dir='ltr'>hominem,</span> <span class='ocrx_word' id='word_1_125' title='bbox 1140 1201 1203 1251; x_wconf 87' lang='lat' dir='ltr'>qui</span> <span class='ocrx_word' id='word_1_126' title='bbox 1236 1202 1318 1249; x_wconf 88' lang='lat' dir='ltr'>jam</span> 
     </span>
     <span class='ocr_line' id='line_1_17' title="bbox 42 1267 1321 1316; baseline -0.009 -5"><span class='ocrx_word' id='word_1_127' title='bbox 42 1270 195 1311; x_wconf 84' lang='lat' dir='ltr'>Perufiae</span> <span class='ocrx_word' id='word_1_128' title='bbox 224 1270 416 1310; x_wconf 84' lang='lat' dir='ltr'>moenibus</span> <span class='ocrx_word' id='word_1_129' title='bbox 444 1269 481 1307; x_wconf 90' lang='lat' dir='ltr'>se</span> <span class='ocrx_word' id='word_1_130' title='bbox 504 1268 706 1316; x_wconf 76' lang='lat' dir='ltr'>clauserat,</span> <span class='ocrx_word' id='word_1_131' title='bbox 730 1268 842 1307; x_wconf 83' lang='lat' dir='ltr'>rediit</span> <span class='ocrx_word' id='word_1_132' title='bbox 865 1267 1052 1313; x_wconf 88' lang='lat' dir='ltr'>Romam,</span> <span class='ocrx_word' id='word_1_133' title='bbox 1076 1272 1120 1304; x_wconf 90' lang='lat' dir='ltr'>ut</span> <span class='ocrx_word' id='word_1_134' title='bbox 1145 1276 1230 1303; x_wconf 87' lang='lat' dir='ltr'>eam</span> <span class='ocrx_word' id='word_1_135' title='bbox 1256 1273 1321 1301; x_wconf 83' lang='lat' dir='ltr'>ac-</span> 
     </span>
     <span class='ocr_line' id='line_1_18' title="bbox 43 1329 941 1381; baseline -0.004 -10"><span class='ocrx_word' id='word_1_136' title='bbox 43 1332 232 1371; x_wconf 82' lang='lat' dir='ltr'>curatiore</span> <span class='ocrx_word' id='word_1_137' title='bbox 263 1332 302 1370; x_wconf 90' lang='lat' dir='ltr'>in</span> <span class='ocrx_word' id='word_1_138' title='bbox 337 1331 528 1381; x_wconf 85' lang='lat' dir='ltr'>posterum</span> <span class='ocrx_word' id='word_1_139' title='bbox 564 1330 734 1368; x_wconf 88' lang='lat' dir='ltr'>custodia</span> <span class='ocrx_word' id='word_1_140' title='bbox 762 1329 941 1368; x_wconf 83' lang='lat' dir='ltr'>firmaret.</span> 
     </span>
    </p>

    <p class='ocr_par' dir='ltr' id='par_1_4' title="bbox 42 1394 1325 2439">
     <span class='ocr_line' id='line_1_19' title="bbox 96 1394 1321 1447; baseline -0.006 -8"><span class='ocrx_word' id='word_1_141' title='bbox 96 1398 270 1439; x_wconf 89' lang='lat' dir='ltr'>XXXII.</span> <span class='ocrx_word' id='word_1_142' title='bbox 313 1397 498 1437; x_wconf 78' lang='lat' dir='ltr'>Disceffus</span> <span class='ocrx_word' id='word_1_143' title='bbox 533 1397 684 1436; x_wconf 83' lang='lat' dir='ltr'>Caesaris</span> <span class='ocrx_word' id='word_1_144' title='bbox 717 1405 852 1447; x_wconf 84' lang='lat' dir='ltr'>praeter</span> <span class='ocrx_word' id='word_1_145' title='bbox 884 1396 1107 1446; x_wconf 88' lang='lat' dir='ltr'>opinionem</span> <span class='ocrx_word' id='word_1_146' title='bbox 1136 1394 1321 1434; x_wconf 62' lang='lat' dir='ltr'>Sentiati⁴</span> 
     </span>
     <span class='ocr_line' id='line_1_20' title="bbox 42 1454 1320 1507; baseline -0.006 -8"><span class='ocrx_word' id='word_1_147' title='bbox 42 1460 114 1500; x_wconf 89' lang='lat' dir='ltr'>bus</span> <span class='ocrx_word' id='word_1_148' title='bbox 145 1459 261 1498; x_wconf 81' lang='lat' dir='ltr'>exitio</span> <span class='ocrx_word' id='word_1_149' title='bbox 299 1459 393 1507; x_wconf 69' lang='lat' dir='ltr'>fuit,</span> <span class='ocrx_word' id='word_1_150' title='bbox 422 1470 522 1496; x_wconf 90' lang='lat' dir='ltr'>cum-</span> <span class='ocrx_word' id='word_1_151' title='bbox 540 1471 586 1496; x_wconf 93' lang='lat' dir='ltr'>eo</span> <span class='ocrx_word' id='word_1_152' title='bbox 620 1457 812 1497; x_wconf 84' lang='lat' dir='ltr'>sublatum</span> <span class='ocrx_word' id='word_1_153' title='bbox 840 1456 913 1495; x_wconf 84' lang='lat' dir='ltr'>effe</span> <span class='ocrx_word' id='word_1_154' title='bbox 949 1455 1162 1506; x_wconf 86' lang='lat' dir='ltr'>periculum</span> <span class='ocrx_word' id='word_1_155' title='bbox 1197 1454 1320 1492; x_wconf 87' lang='lat' dir='ltr'>credi-</span> 
     </span>
     <span class='ocr_line' id='line_1_21' title="bbox 45 1516 1321 1568; baseline -0.006 -7"><span class='ocrx_word' id='word_1_156' title='bbox 45 1521 194 1562; x_wconf 82' lang='lat' dir='ltr'>diffent.</span> <span class='ocrx_word' id='word_1_157' title='bbox 218 1522 294 1562; x_wconf 86' lang='lat' dir='ltr'>Sed</span> <span class='ocrx_word' id='word_1_158' title='bbox 320 1522 505 1568; x_wconf 85' lang='lat' dir='ltr'>Furnius,</span> <span class='ocrx_word' id='word_1_159' title='bbox 535 1520 740 1559; x_wconf 85' lang='lat' dir='ltr'>abeuntem</span> <span class='ocrx_word' id='word_1_160' title='bbox 763 1520 811 1559; x_wconf 87' lang='lat' dir='ltr'>ab</span> <span class='ocrx_word' id='word_1_161' title='bbox 839 1519 1039 1559; x_wconf 75' lang='lat' dir='ltr'>,obsidione</span> <span class='ocrx_word' id='word_1_162' title='bbox 1058 1517 1241 1557; x_wconf 84' lang='lat' dir='ltr'>Caesarem</span> <span class='ocrx_word' id='word_1_163' title='bbox 1262 1516 1321 1553; x_wconf 90' lang='lat' dir='ltr'>in-</span> 
     </span>
     <span class='ocr_line' id='line_1_22' title="bbox 42 1579 1323 1632; baseline -0.005 -9"><span class='ocrx_word' id='word_1_164' title='bbox 42 1585 194 1623; x_wconf 86' lang='lat' dir='ltr'>secutus</span> <span class='ocrx_word' id='word_1_165' title='bbox 210 1614 220 1631; x_wconf 88' lang='lat'>,</span> <span class='ocrx_word' id='word_1_166' title='bbox 244 1583 399 1622; x_wconf 87' lang='lat' dir='ltr'>interim</span> <span class='ocrx_word' id='word_1_167' title='bbox 424 1583 643 1622; x_wconf 88' lang='lat' dir='ltr'>advenienti</span> <span class='ocrx_word' id='word_1_168' title='bbox 670 1582 886 1622; x_wconf 87' lang='lat' dir='ltr'>Salvidieno</span> <span class='ocrx_word' id='word_1_169' title='bbox 915 1581 1077 1632; x_wconf 82' lang='lat' dir='ltr'>spatium</span> <span class='ocrx_word' id='word_1_170' title='bbox 1106 1579 1240 1630; x_wconf 81' lang='lat' dir='ltr'>oppidi</span> <span class='ocrx_word' id='word_1_171' title='bbox 1262 1590 1323 1616; x_wconf 88' lang='lat' dir='ltr'>ca-</span> 
     </span>
     <span class='ocr_line' id='line_1_23' title="bbox 45 1641 1322 1697; baseline -0.006 -12"><span class='ocrx_word' id='word_1_172' title='bbox 45 1647 177 1697; x_wconf 88' lang='lat' dir='ltr'>piendi</span> <span class='ocrx_word' id='word_1_173' title='bbox 211 1645 491 1695; x_wconf 87' lang='lat' dir='ltr'>diripiendique</span> <span class='ocrx_word' id='word_1_174' title='bbox 533 1644 649 1684; x_wconf 87' lang='lat' dir='ltr'>dedit.</span> <span class='ocrx_word' id='word_1_175' title='bbox 690 1657 739 1682; x_wconf 89' lang='lat' dir='ltr'>ne</span> <span class='ocrx_word' id='word_1_176' title='bbox 768 1643 937 1682; x_wconf 65' lang='lat' dir='ltr'>{edificiis</span> <span class='ocrx_word' id='word_1_177' title='bbox 965 1643 1119 1693; x_wconf 89' lang='lat' dir='ltr'>quidem</span> <span class='ocrx_word' id='word_1_178' title='bbox 1150 1641 1322 1691; x_wconf 87' lang='lat' dir='ltr'>pepercit</span> 
     </span>
     <span class='ocr_line' id='line_1_24' title="bbox 45 1704 1323 1757; baseline -0.006 -10"><span class='ocrx_word' id='word_1_179' title='bbox 45 1709 124 1756; x_wconf 85' lang='lat' dir='ltr'>ira,</span> <span class='ocrx_word' id='word_1_180' title='bbox 149 1708 368 1757; x_wconf 62' lang='lat' dir='ltr'>injectoque</span> <span class='ocrx_word' id='word_1_181' title='bbox 398 1707 486 1756; x_wconf 77' lang='lat' dir='ltr'>igne</span> <span class='ocrx_word' id='word_1_182' title='bbox 509 1706 638 1746; x_wconf 85' lang='lat' dir='ltr'>Sentia</span> <span class='ocrx_word' id='word_1_183' title='bbox 665 1714 906 1744; x_wconf 85' lang='lat' dir='ltr'>concremata</span> <span class='ocrx_word' id='word_1_184' title='bbox 931 1705 992 1744; x_wconf 88' lang='lat' dir='ltr'>est.</span> <span class='ocrx_word' id='word_1_185' title='bbox 1026 1704 1203 1744; x_wconf 67' lang='lat' dir='ltr'>Nursinos</span> <span class='ocrx_word' id='word_1_186' title='bbox 1225 1710 1323 1740; x_wconf 87' lang='lat' dir='ltr'>tem-</span> 
     </span>
     <span class='ocr_line' id='line_1_25' title="bbox 46 1763 1323 1820; baseline -0.005 -12"><span class='ocrx_word' id='word_1_187' title='bbox 46 1769 189 1820; x_wconf 86' lang='lat' dir='ltr'>pestiva</span> <span class='ocrx_word' id='word_1_188' title='bbox 208 1769 354 1808; x_wconf 83' lang='lat' dir='ltr'>deditio</span> <span class='ocrx_word' id='word_1_189' title='bbox 369 1767 615 1818; x_wconf 65' lang='lat' dir='ltr'>praesentibus</span> <span class='ocrx_word' id='word_1_190' title='bbox 638 1768 779 1807; x_wconf 86' lang='lat' dir='ltr'>exemit</span> <span class='ocrx_word' id='word_1_191' title='bbox 795 1767 903 1807; x_wconf 79' lang='lat' dir='ltr'>malis</span> <span class='ocrx_word' id='word_1_192' title='bbox 919 1781 928 1807; x_wconf 75' lang='grc' dir='ltr'>ε</span> <span class='ocrx_word' id='word_1_193' title='bbox 956 1767 1018 1806; x_wconf 87' lang='lat' dir='ltr'>sed</span> <span class='ocrx_word' id='word_1_194' title='bbox 1035 1764 1206 1804; x_wconf 86' lang='lat' dir='ltr'>tumulus</span> <span class='ocrx_word' id='word_1_195' title='bbox 1224 1763 1323 1814; x_wconf 88' lang='lat' dir='ltr'>post-</span> 
     </span>
     <span class='ocr_line' id='line_1_26' title="bbox 46 1828 1319 1881; baseline -0.005 -11"><span class='ocrx_word' id='word_1_196' title='bbox 46 1844 92 1870; x_wconf 81' lang='lat' dir='ltr'>ea</span> <span class='ocrx_word' id='word_1_197' title='bbox 124 1828 278 1881; x_wconf 84' lang='lat' dir='ltr'>publice</span> <span class='ocrx_word' id='word_1_198' title='bbox 299 1830 502 1869; x_wconf 66' lang='lat' dir='ltr'>exstructus</span> <span class='ocrx_word' id='word_1_199' title='bbox 526 1828 610 1877; x_wconf 87' lang='lat' dir='ltr'>his,</span> <span class='ocrx_word' id='word_1_200' title='bbox 635 1830 698 1880; x_wconf 85' lang='lat' dir='ltr'>qui</span> <span class='ocrx_word' id='word_1_201' title='bbox 727 1842 814 1868; x_wconf 90' lang='lat' dir='ltr'>cum</span> <span class='ocrx_word' id='word_1_202' title='bbox 840 1829 979 1869; x_wconf 82' lang='lat' dir='ltr'>Caesare</span> <span class='ocrx_word' id='word_1_203' title='bbox 999 1835 1212 1878; x_wconf 77' lang='lat' dir='ltr'>pugnantes</span> <span class='ocrx_word' id='word_1_204' title='bbox 1241 1839 1319 1876; x_wconf 86' lang='lat' dir='ltr'>op-</span> 
     </span>
     <span class='ocr_line' id='line_1_27' title="bbox 45 1881 1322 1945; baseline -0.004 -13"><span class='ocrx_word' id='word_1_205' title='bbox 45 1893 262 1943; x_wconf 84' lang='lat' dir='ltr'>petierant,</span> <span class='ocrx_word' id='word_1_206' title='bbox 297 1893 449 1941; x_wconf 62' lang='lat' dir='ltr'>adJeclo</span> <span class='ocrx_word' id='word_1_207' title='bbox 483 1891 620 1940; x_wconf 89' lang='lat' dir='ltr'>titulo,</span> <span class='ocrx_word' id='word_1_208' title='bbox 648 1907 712 1945; x_wconf 78' lang='lat' dir='ltr'>pro</span> <span class='ocrx_word' id='word_1_209' title='bbox 744 1892 897 1931; x_wconf 83' lang='lat' dir='ltr'>libertate</span> <span class='ocrx_word' id='word_1_210' title='bbox 927 1881 1134 1943; x_wconf 59' lang='grc' dir='ltr'>οεὲιιῖιιιιῃὲ,</span> <span class='ocrx_word' id='word_1_211' title='bbox 1161 1889 1209 1928; x_wconf 84' lang='lat' dir='ltr'>fic</span> <span class='ocrx_word' id='word_1_212' title='bbox 1231 1901 1322 1927; x_wconf 82' lang='lat' dir='ltr'>exa-</span> 
     </span>
     <span class='ocr_line' id='line_1_28' title="bbox 49 1953 1323 2005; baseline -0.004 -11"><span class='ocrx_word' id='word_1_213' title='bbox 49 1955 221 1994; x_wconf 88' lang='lat' dir='ltr'>cerbavit</span> <span class='ocrx_word' id='word_1_214' title='bbox 244 1954 550 2001; x_wconf 86' lang='lat' dir='ltr'>adolescentem,</span> <span class='ocrx_word' id='word_1_215' title='bbox 574 1962 616 1992; x_wconf 90' lang='lat' dir='ltr'>ut</span> <span class='ocrx_word' id='word_1_216' title='bbox 643 1954 774 2005; x_wconf 88' lang='lat' dir='ltr'>grandi</span> <span class='ocrx_word' id='word_1_217' title='bbox 802 1955 963 2004; x_wconf 89' lang='lat' dir='ltr'>pecunia</span> <span class='ocrx_word' id='word_1_218' title='bbox 990 1953 1208 2000; x_wconf 66' lang='lat' dir='ltr'>mulctatos,</span> <span class='ocrx_word' id='word_1_219' title='bbox 1234 1953 1323 2002; x_wconf 84' lang='lat' dir='ltr'>quia</span> 
     </span>
     <span class='ocr_line' id='line_1_29' title="bbox 48 2013 1325 2069; baseline -0.006 -11"><span class='ocrx_word' id='word_1_220' title='bbox 48 2018 218 2069; x_wconf 82' lang='lat' dir='ltr'>pendere</span> <span class='ocrx_word' id='word_1_221' title='bbox 242 2029 326 2056; x_wconf 87' lang='lat' dir='ltr'>eam</span> <span class='ocrx_word' id='word_1_222' title='bbox 350 2016 586 2066; x_wconf 81' lang='lat' dir='ltr'>nequibant,</span> <span class='ocrx_word' id='word_1_223' title='bbox 603 2015 696 2056; x_wconf 89' lang='lat' dir='ltr'>urbe</span> <span class='ocrx_word' id='word_1_224' title='bbox 721 2028 886 2066; x_wconf 84' lang='lat' dir='ltr'>agroque</span> <span class='ocrx_word' id='word_1_225' title='bbox 909 2017 1014 2054; x_wconf 87' lang='lat' dir='ltr'>omni</span> <span class='ocrx_word' id='word_1_226' title='bbox 1039 2015 1215 2065; x_wconf 83' lang='lat' dir='ltr'>exigeret.</span> <span class='ocrx_word' id='word_1_227' title='bbox 1253 2013 1325 2053; x_wconf 74' lang='lat' dir='ltr'>His</span> 
     </span>
     <span class='ocr_line' id='line_1_30' title="bbox 55 2078 1323 2128; baseline -0.006 -8"><span class='ocrx_word' id='word_1_228' title='bbox 55 2082 108 2120; x_wconf 84' lang='lat' dir='ltr'>ita</span> <span class='ocrx_word' id='word_1_229' title='bbox 136 2081 249 2127; x_wconf 54' lang='lat' dir='ltr'>aitis,</span> <span class='ocrx_word' id='word_1_230' title='bbox 281 2093 368 2119; x_wconf 91' lang='lat' dir='ltr'>cum</span> <span class='ocrx_word' id='word_1_231' title='bbox 405 2081 614 2119; x_wconf 86' lang='lat' dir='ltr'>Antonium</span> <span class='ocrx_word' id='word_1_232' title='bbox 646 2079 722 2118; x_wconf 89' lang='lat' dir='ltr'>duo</span> <span class='ocrx_word' id='word_1_233' title='bbox 753 2081 831 2128; x_wconf 80' lang='lat' dir='ltr'>jam</span> <span class='ocrx_word' id='word_1_234' title='bbox 867 2079 1051 2118; x_wconf 79' lang='lat' dir='ltr'>exercitus</span> <span class='ocrx_word' id='word_1_235' title='bbox 1083 2078 1323 2122; x_wconf 78' lang='lat' dir='ltr'>obfiderent,</span> 
     </span>
     <span class='ocr_line' id='line_1_31' title="bbox 53 2141 1325 2192; baseline -0.006 -10"><span class='ocrx_word' id='word_1_236' title='bbox 53 2155 145 2183; x_wconf 89' lang='lat' dir='ltr'>cum</span> <span class='ocrx_word' id='word_1_237' title='bbox 173 2143 283 2181; x_wconf 84' lang='lat' dir='ltr'>tertio</span> <span class='ocrx_word' id='word_1_238' title='bbox 308 2142 426 2183; x_wconf 82' lang='lat' dir='ltr'>Caesar</span> <span class='ocrx_word' id='word_1_239' title='bbox 451 2141 602 2180; x_wconf 75' lang='lat' dir='ltr'>accessit</span> <span class='ocrx_word' id='word_1_240' title='bbox 620 2155 628 2181; x_wconf 92' lang='lat'><strong>:</strong></span> <span class='ocrx_word' id='word_1_241' title='bbox 649 2154 890 2192; x_wconf 74' lang='lat' dir='ltr'>propereque</span> <span class='ocrx_word' id='word_1_242' title='bbox 915 2141 1069 2181; x_wconf 71' lang='lat' dir='ltr'>dimissis</span> <span class='ocrx_word' id='word_1_243' title='bbox 1094 2151 1325 2190; x_wconf 55' lang='lat' dir='ltr'>quaquaven</span> 
     </span>
     <span class='ocr_line' id='line_1_32' title="bbox 50 2201 1325 2253; baseline -0.006 -8"><span class='ocrx_word' id='word_1_244' title='bbox 50 2205 134 2245; x_wconf 87' lang='lat' dir='ltr'>sum</span> <span class='ocrx_word' id='word_1_245' title='bbox 157 2204 298 2244; x_wconf 89' lang='lat' dir='ltr'>nuntiis</span> <span class='ocrx_word' id='word_1_246' title='bbox 317 2235 328 2253; x_wconf 88' lang='lat'>,</span> <span class='ocrx_word' id='word_1_247' title='bbox 361 2218 409 2243; x_wconf 89' lang='lat' dir='ltr'>ne</span> <span class='ocrx_word' id='word_1_248' title='bbox 432 2205 529 2243; x_wconf 84' lang='lat' dir='ltr'>forte</span> <span class='ocrx_word' id='word_1_249' title='bbox 556 2204 619 2242; x_wconf 74' lang='lat' dir='ltr'>fax</span> <span class='ocrx_word' id='word_1_250' title='bbox 651 2203 741 2243; x_wconf 89' lang='lat' dir='ltr'>belli</span> <span class='ocrx_word' id='word_1_251' title='bbox 774 2204 910 2243; x_wconf 81' lang='lat' dir='ltr'>Lucius</span> <span class='ocrx_word' id='word_1_252' title='bbox 937 2203 1169 2250; x_wconf 84' lang='lat' dir='ltr'>elaberetur,</span> <span class='ocrx_word' id='word_1_253' title='bbox 1197 2201 1325 2251; x_wconf 67' lang='lat' dir='ltr'>plures</span> 
     </span>
     <span class='ocr_line' id='line_1_33' title="bbox 51 2260 1322 2315; baseline -0.003 -11"><span class='ocrx_word' id='word_1_254' title='bbox 51 2266 184 2305; x_wconf 82' lang='lat' dir='ltr'>accitae</span> <span class='ocrx_word' id='word_1_255' title='bbox 206 2261 349 2315; x_wconf 81' lang='lat' dir='ltr'>cop&#39;iae,</span> <span class='ocrx_word' id='word_1_256' title='bbox 377 2264 455 2304; x_wconf 80' lang='lat' dir='ltr'>aliae</span> <span class='ocrx_word' id='word_1_257' title='bbox 475 2264 655 2303; x_wconf 87' lang='lat' dir='ltr'>Ventidio</span> <span class='ocrx_word' id='word_1_258' title='bbox 681 2266 715 2304; x_wconf 83' lang='lat'>&amp;</span> <span class='ocrx_word' id='word_1_259' title='bbox 737 2263 898 2303; x_wconf 91' lang='lat' dir='ltr'>Pollioni</span> <span class='ocrx_word' id='word_1_260' title='bbox 924 2264 1112 2313; x_wconf 80' lang='lat' dir='ltr'>oppolitae.</span> <span class='ocrx_word' id='word_1_261' title='bbox 1136 2261 1251 2311; x_wconf 87' lang='lat' dir='ltr'>hique</span> <span class='ocrx_word' id='word_1_262' title='bbox 1266 2260 1322 2300; x_wconf 79' lang='lat' dir='ltr'>fa-</span> 
     </span>
     <span class='ocr_line' id='line_1_34' title="bbox 54 2323 1324 2377; baseline -0.002 -12"><span class='ocrx_word' id='word_1_263' title='bbox 54 2327 129 2366; x_wconf 88' lang='lat' dir='ltr'>cile</span> <span class='ocrx_word' id='word_1_264' title='bbox 159 2326 344 2376; x_wconf 87' lang='lat' dir='ltr'>cohibiti,</span> <span class='ocrx_word' id='word_1_265' title='bbox 377 2328 480 2377; x_wconf 86' lang='lat' dir='ltr'>quod</span> <span class='ocrx_word' id='word_1_266' title='bbox 516 2340 640 2376; x_wconf 86' lang='lat' dir='ltr'>neque</span> <span class='ocrx_word' id='word_1_267' title='bbox 673 2339 905 2377; x_wconf 82' lang='lat' dir='ltr'>magnopere</span> <span class='ocrx_word' id='word_1_268' title='bbox 939 2326 1082 2365; x_wconf 85' lang='lat' dir='ltr'>bellurn</span> <span class='ocrx_word' id='word_1_269' title='bbox 1117 2325 1155 2364; x_wconf 88' lang='lat' dir='ltr'>id</span> <span class='ocrx_word' id='word_1_270' title='bbox 1187 2323 1324 2374; x_wconf 64' lang='lat' dir='ltr'>proba-</span> 
     </span>
     <span class='ocr_line' id='line_1_35' title="bbox 54 2383 1323 2439; baseline -0.003 -13"><span class='ocrx_word' id='word_1_271' title='bbox 54 2386 181 2434; x_wconf 88' lang='lat' dir='ltr'>bant,</span> <span class='ocrx_word' id='word_1_272' title='bbox 211 2399 283 2426; x_wconf 89' lang='lat' dir='ltr'>nec</span> <span class='ocrx_word' id='word_1_273' title='bbox 314 2400 336 2426; x_wconf 83' lang='lat' dir='ltr'>a</span> <span class='ocrx_word' id='word_1_274' title='bbox 371 2387 427 2427; x_wconf 81' lang='lat' dir='ltr'>M.</span> <span class='ocrx_word' id='word_1_275' title='bbox 460 2387 627 2429; x_wconf 83' lang='lat' dir='ltr'>Antonio</span> <span class='ocrx_word' id='word_1_276' title='bbox 662 2387 850 2438; x_wconf 79' lang='lat' dir='ltr'>putabant</span> <span class='ocrx_word' id='word_1_277' title='bbox 883 2386 1052 2439; x_wconf 77' lang='lat' dir='ltr'>probari.</span> <span class='ocrx_word' id='word_1_278' title='bbox 1098 2386 1207 2436; x_wconf 73' lang='lat' dir='ltr'>super</span> <span class='ocrx_word' id='word_1_279' title='bbox 1239 2383 1323 2423; x_wconf 66' lang='lat' dir='ltr'>ha&#39;c</span> 
     </span>
    </p>
   </div>
   <div class='ocr_carea' id='block_1_3' title="bbox 100 2503 661 2547">
    <p class='ocr_par' dir='ltr' id='par_1_5' title="bbox 100 2503 661 2547">
     <span class='ocr_line' id='line_1_36' title="bbox 100 2503 661 2547; baseline 0.007 -12"><span class='ocrx_word' id='word_1_280' title='bbox 100 2503 124 2547; x_wconf 74' lang='lat'>§</span> <span class='ocrx_word' id='word_1_281' title='bbox 148 2503 269 2537; x_wconf 72' lang='lat' dir='ltr'>XXXI,</span> <span class='ocrx_word' id='word_1_282' title='bbox 291 2504 414 2547; x_wconf 63' lang='lat' dir='ltr'>Vellei.</span> <span class='ocrx_word' id='word_1_283' title='bbox 443 2516 484 2545; x_wconf 63' lang='grc' dir='ltr'>ει,</span> <span class='ocrx_word' id='word_1_284' title='bbox 505 2516 559 2545; x_wconf 76' lang='lat'>7⁰·</span> <span class='ocrx_word' id='word_1_285' title='bbox 581 2505 661 2539; x_wconf 61' lang='lat' dir='ltr'>Dio.</span> 
     </span>
    </p>
   </div>
  </div>
 </body>
</html>
