1685 3042
318 207 380 272 78
478 173 1502 253 JO.FRE1NSHE'M115UPPLEM.

318 317 396 357 Sed
426 313 554 354 mirari
591 325 672 352 non
696 318 881 362 oportet,
908 309 1092 350 Caesarem
1117 309 1218 348 hanc
1245 310 1444 350 ostentaffe
1473 311 1593 351 vic'to³

316 379 440 424 riam,
469 389 559 416 cum
587 377 700 415 tantis
733 366 894 425 excepta
927 374 1060 414 Romae
1089 372 1252 424 publicis
1280 373 1597 424 gratulationibus

315 439 428 487 esset,
450 447 530 478 tam
556 436 802 493 singularibus
824 435 1069 475 cohonestata
1089 436 1265 475 decretis.

385 501 453 541 III.
483 501 582 540 Sane
607 507 755 539 tantum
781 498 838 538 illi
860 497 1103 538 verecundiae
1125 496 1383 547 superfuerat,
1406 504 1452 536 ut
1473 506 1599 548 neque

315 563 473 602 nuntios
498 575 546 601 ex
583 561 785 611 Hispania,
817 572 942 609 neque
976 557 1103 597 literas
1137 557 1293 608 publice
1326 559 1526 599 mitteret:
1558 567 1602 598 at

314 625 470 671 Patres,
505 622 676 673 plerique
718 620 901 659 adulandi
934 620 1058 659 studio
1079 648 1090 667 ,
1127 618 1306 658 nonnulli
1339 633 1413 670 quo
1451 623 1600 670 majore

314 696 515 726 oneratum
543 685 687 724 invidia
716 682 884 722 velocius
911 684 946 722 ἃ
979 680 1191 720 excusatius
1222 682 1451 732 perderent,
1477 681 1601 721 hono-

313 747 507 801 reslnullo
530 749 641 797 jure,
666 758 737 785 nec
770 743 950 795 exemplo
977 743 1245 792 congerebant.
1284 744 1329 789 Et
1353 745 1487 784 Cicero
1515 745 1601 795 qui·

315 814 433 859 dem,
468 818 651 861 quantum
694 808 843 847 summo
880 807 1019 857 cuique
1061 806 1264 845 hominum
1295 807 1412 847 tribui
1445 808 1600 859 potest,

312 872 502 913 ‘sententia
528 869 594 909 sua
619 870 780 910 dederit.
826 869 901 909 Sed
928 867 991 907 alii
1020 867 1069 905 {ic
1104 867 1364 916 adauxerunt,
1394 876 1438 908 ut
1466 869 1601 908 Cicero

315 934 604 990 propemodum
629 931 840 971 malevolus
866 930 975 970 fuisse
998 930 1199 968 videretur.
1222 929 1279 968 Ita
1295 930 1513 983 supplicatio
1533 931 1603 969 die·

316 1011 390 1035 rum
413 994 669 1049 quinquaginta
694 994 874 1040 decreta3
902 1004 1005 1043 utque
1021 990 1202 1028 Palilibus
1223 990 1300 1027 ludi
1314 991 1510 1039 ederentur,
1532 1003 1604 1030 non

308 1057 389 1111 jam
422 1057 464 1093 ob
495 1055 648 1094 natalem
674 1054 772 1092 urbis
789 1084 799 1101 ,
816 1054 882 1107 sed
905 1053 991 1105 quia
1005 1052 1119 1104 pridie
1143 1050 1218 1104 eJ'us
1251 1051 1322 1089 diei
1344 1053 1504 1090 nuntiata
1534 1055 1605 1092 Cae-

305 1119 404 1173 fizris
434 1120 501 1156 haec
526 1116 673 1155 viffloria
693 1114 842 1169 fiuffit:
881 1113 1209 1165 quemadmodum
1230 1115 1369 1153 eodem
1407 1115 1534 1154 mense
1563 1129 1600 1157 a.

317 1181 355 1222 d.
379 1179 445 1220 VI.
466 1179 524 1219 Id.
553 1177 672 1229 April.
692 1177 775 1216 ludi
802 1177 853 1216 ob
879 1177 1079 1217 vidioriam
1102 1176 1319 1216 Africanam
1345 1177 1498 1218 fiebant.
1525 1177 1602 1219 Sed

317 1244 355 1283 δε
388 1250 531 1281 ceteras
569 1239 776 1291 insignores
809 1240 890 1288 ejus
922 1238 1100 1278 victorias
1131 1237 1283 1289 singulis
1311 1238 1412 1279 ludis
1448 1239 1604 1291 placue-

316 1314 376 1346 rat
408 1303 609 1344 celebrari.

377 1367 437 1406 IV.
469 1365 646 1404 Ceterum
684 1363 766 1403 haec
797 1370 879 1403 erat
909 1363 1036 1414 potius
1072 1361 1298 1404 calamitatis
1325 1363 1603 1417 vulnerumque

285 1451 289 1454 ·
316 1425 537 1479 reipublicae
571 1426 680 1465 tristis
704 1425 975 1480 exprobratio:
1012 1425 1132 1464 levius
1156 1425 1329 1465 insanisse
1358 1428 1602 1479 viderentur,

318 1494 386 1543 qui
424 1491 615 1530 Clementiae
640 1489 800 1542 templum
824 1490 1018 1541 ponendum
1048 1487 1298 1538 censuerant3
1335 1491 1402 1542 nisi
1429 1506 1604 1530 commune

315 1558 385 1611 ipsi
407 1568 508 1608 atque
531 1553 723 1594 Clementiae
750 1551 823 1591 esse
846 1551 1071 1600 voluissent,
1095 1553 1296 1602 simulacris
1321 1555 1495 1607 utriufiqne
1516 1558 1602 1593 dex-

314 1632 392 1658 tras
415 1616 630 1669 jungendum
662 1614 846 1652 dedicatis.
878 1614 974 1653 Sane
999 1613 1090 1663 quid
1117 1613 1285 1652 facturus
1313 1613 1426 1653 fuerit
1455 1615 1602 1665 Cacsar,

318 1679 347 1718 fi
370 1675 515 1716 vixiffet
538 1674 680 1713 diutius
695 1704 706 1722 ,
732 1686 811 1712 non
834 1673 966 1723 liquet.
995 1671 1097 1712 lllud
1120 1673 1158 1711 in
1185 1673 1353 1713 confesso
1378 1675 1453 1721 est,
1475 1677 1604 1726 quoad

315 1740 415 1780 vixit
440 1740 571 1777 mitem
593 1735 883 1785 humanumque
901 1737 935 1775 ὃ(
954 1734 1183 1785 placabilem
1207 1736 1427 1775 adversariis
1451 1736 1487 1775 se
1510 1748 1603 1787 prae-

316 1799 448 1839 buiss'e.
487 1797 562 1838 Sed
586 1799 621 1836 ἃ
644 1795 710 1835 sub
738 1805 952 1834 extremum
982 1808 1152 1846 ternpus,
1169 1797 1285 1835 etiam
1312 1797 1448 1847 quibus
1478 1797 1604 1836 nomi·

315 1864 442 1902 natim
471 1859 638 1898 reditum
665 1871 745 1897 non
777 1857 1034 1907 concesserat,
1060 1859 1192 1897 reverti
1219 1871 1376 1907 omnes,
1408 1859 1600 1898 honores-

318 1937 393 1975 que
419 1925 455 1962 ὃς
479 1922 639 1971 imperia
675 1932 809 1970 capere
835 1919 957 1970 paffus
984 1919 1045 1958 est.
1085 1919 1243 1959 Brutum
1274 1919 1427 1968 quidem
1450 1921 1485 1959 ἃ
1513 1919 1602 1959 Cas-

318 1986 412 2026 sium
442 1996 619 2036 praetores
650 1992 730 2021 tum
761 1982 930 2022 fecerat:
971 1981 1055 2020 aliis
1086 1981 1211 2020 multis
1236 1981 1331 2020 alios
1366 1982 1600 2031 magistratus

317 2042 551 2085 concesserat
575 2057 583 2082 :
617 2044 878 2091 conjecturam
907 2042 995 2080 inde
1024 2040 1187 2080 faciente
1221 2038 1528 2092 populo‚‘fore‚
1556 2052 1600 2081 ut

319 2105 500 2156 exemplo
535 2103 648 2144 Sullae
684 2103 962 2153 rempublicam
1005 2103 1192 2142 redderet.
1237 2103 1361 2142 Postea
1392 2103 1432 2142 L.
1460 2103 1601 2152 Sullae,

321 2171 358 2211 &
371 2169 439 2210 Cn.
457 2167 627 2217 Pompeii
655 2166 791 2205 statuas
805 2195 816 2213 ,
841 2179 860 2205 a
878 2164 989 2215 plebe
1005 2165 1194 2214 disjestas,
1211 2177 1275 2214 per
1293 2166 1498 2203 Antonium
1519 2164 1600 2203 col-

316 2231 447 2282 legam
472 2227 650 2279 reposuit.
684 2240 758 2278 quo
797 2237 973 2277 tempore
1002 2225 1132 2265 dixisse
1161 2226 1292 2266 Cicero
1322 2225 1458 2271 fertur,
1490 2227 1599 2277 Orsa.

320 2309 387 2332 rem
411 2291 569 2345 Pompeji
585 2293 727 2344 statuas
750 2292 926 2343 erigendo,
936 2291 1091 2342 stabilire
1107 2291 1209 2344 suas.
1233 2290 1281 2328 de
1302 2289 1485 2339 Pompej0
1504 2287 1598 2327 sem-

321 2366 390 2405 per
412 2351 794 2393 honorificentiffirne
822 2351 1063 2403 loquebatur.

370 2486 394 2532 §
412 2486 456 2520 11.
469 2487 549 2520 Dis.
568 2487 649 2520 Fasti
667 2486 816 2550 Capitol.
831 2487 1054 2529 Quinffilim
1069 2489 1132 2527 6,-
1120 2487 1188 2531 ,.5
1211 2487 1268 2520 Ῑῐῐ.
1288 2486 1334 2520 Pl
1329 2497 1376 2520 ir
1393 2487 1475 2520 Dio.
1493 2486 1595 2533 §IV

325 2531 415 2579 App
421 2543 472 2567 an
498 2533 592 2568 civil.
614 2534 636 2568 1.
658 2533 797 2567 2.1'.lut
819 2533 961 2570 Sueton.
984 2533 1055 2568 Cic.
1079 2511 1228 2577 lpolfaen.
1250 2532 1322 2566 Stra
1327 2542 1352 2567 t.
1374 2532 1396 2567 1.
1418 2532 1451 2569 S.
