1685 3042
219 200 303 247 IN
340 199 514 246 Loc.
558 197 698 243 ΜΒ.
730 198 913 246 cxxv
957 199 1109 246 [ΠΤ.-
1240 210 1335 265 3021

57 304 232 345 contulit.
253 305 299 346 Et
321 305 487 355 Lepidus
512 303 692 353 quidem,
712 303 819 342 infita
839 305 1040 352 tarditate,
1062 303 1333 358 praesentiaque

53 366 207 407 Caesaris
229 366 443 413 cohibitus,
461 363 703 415 quiescebat:
728 365 915 403 Antonius
933 367 968 404 δι
991 366 1121 407 Fulvia
1142 369 1331 410 dederunt

51 436 357 477 acceperuntque
382 425 510 464 causas
540 423 760 471 discordiae,
786 425 889 474 quod
906 456 917 473 ‚
940 425 1064 464 Marci
1086 426 1202 467 literis
1223 429 1333 468 exhi-

53 487 167 536 bitis,
195 500 282 527 cum
312 502 332 526 a
366 487 507 538 Caleno
545 487 634 525 dare
664 485 836 536 legiones
873 487 1079 536 deberent,
1109 491 1333 538 promiffum

53 550 305 599 differebant3
331 552 365 590 &
393 550 551 589 viciflim
576 563 597 588 a
619 549 764 589 Caesare
790 549 995 599 potestate,
1026 563 1141 600 quam
1172 553 1212 590 in
1238 554 1333 593 divi..

50 614 186 653 dendis
217 614 314 664 agris
353 613 570 653 Antoniano
603 611 719 651 militi
745 610 967 663 usurpatum
991 612 1119 662 ibant,
1141 614 1332 664 prohibe-

47 671 199 714 bantur.

105 736 188 776 VII.
219 736 425 787 Erupitque
450 749 495 775 eo
526 735 736 784 discordia,
756 742 800 775 ut
825 734 954 776 socrus
976 736 1215 776 insolentiam
1246 751 1330 787 per..

48 799 161 838 taesus
189 799 331 849 Caesar,
354 801 533 839 nuntium
559 800 645 839 filiae
671 803 751 850 ejus
778 802 1012 850 remitteret,
1029 803 1189 840 intaHam
1212 804 1326 841 adhuc

47 861 111 913 ‘ff
135 862 382 910 jurejurando
427 861 686 902 confirmans:
722 875 952 913 quamquam
991 862 1165 914 plerique
1191 863 1328 916 falfime

46 925 133 970 lzoc,
157 936 259 974 neque
268 924 388 975 subito
407 925 595 975 cogitatum
619 926 661 961 de
678 924 854 972 divortio,
875 926 943 976 sed
962 925 1207 978 interprimunt
1222 929 1331 978 spon-

40 984 212 1038 saliorum
241 986 442 1023 mentionem
472 987 543 1024 haec
580 986 720 1039 decreffe
755 987 870 1037 secum
902 985 1144 1039 adolescentem
1177 986 1332 1026 dubita-

48 1055 146 1086 rent.
195 1047 371 1086 Ceterum
403 1047 480 1086 hoc
516 1048 677 1098 repudio
708 1048 846 1088 irritati
873 1050 1051 1098 utrinque
1078 1048 1164 1087 sunt
1188 1049 1330 1097 animi,

46 1117 94 1148 ut
115 1108 211 1147 nihil
239 1110 383 1159 postea,
409 1110 476 1148 nili
503 1109 640 1149 laedere
657 1110 826 1149 invicem
848 1111 884 1149 ὃς
901 1109 1018 1149 odiffe
1033 1139 1044 1157 ‚
1066 1109 1226 1160 poss'ent.
1249 1111 1329 1150 Sed

51 1173 88 1211 ἃ
107 1171 246 1221 alioqui
263 1170 375 1221 plena
394 1170 563 1210 tumultu
581 1183 647 1221 per
669 1171 820 1210 Italiam
838 1173 873 1210 δι
888 1171 927 1209 in
942 1171 1037 1210 urbe
1054 1180 1162 1211 erant
1182 1174 1325 1212 omnia.

47 1228 217 1270 veterani
241 1232 361 1271 deduci
381 1234 465 1271 tefra
491 1233 529 1270 in
552 1232 682 1284 oppida
703 1232 916 1284 pinguesque
941 1245 1046 1283 agros
1068 1232 1328 1282 postulabant„

46 1302 205 1343 eratque
230 1293 329 1332 facta
356 1292 415 1331 his
443 1292 663 1343 promiffio,
690 1292 958 1343 pulcherrimis
981 1293 1029 1332 ad
1058 1292 1158 1332 hanc
1179 1294 1329 1335 divifio.

47 1368 140 1394 nem
167 1355 360 1396 destinatis
386 1355 612 1394 civitatibus.
641 1355 689 1393 At
709 1354 782 1393 illae
805 1368 869 1393 aut
889 1369 952 1406 per
973 1355 1167 1408 univerfizm
1186 1357 1330 1395 Italiam

47 1417 204 1470 dtstribui
237 1417 419 1468 petebant
441 1415 601 1455 colonos
616 1445 627 1463 ‚
652 1429 714 1454 aut
735 1416 860 1469 saltem
885 1418 1039 1470 sbrtibus
1060 1432 1127 1456 rem
1149 1420 1331 1466 committi,

45 1494 87 1517 ne
110 1479 192 1532 ipsae
212 1481 262 1517 ad
282 1478 442 1531 injuriam
468 1478 569 1530 effint
596 1478 756 1525 eximiae,
773 1480 841 1530 sed
863 1492 1054 1531 aequofflcum
1075 1481 1192 1518 ceteris
1222 1481 1330 1519 Italis

39 1540 120 1593 jure
149 1552 331 1579 uterentur.
353 1540 501 1591 pretium
528 1539 629 1578 etiam
653 1554 696 1578 ex
721 1540 840 1578 aerario
866 1542 1092 1593 repraesentari
1121 1540 1333 1591 poscebant,

46 1601 296 1653 poſjeffm'bus.

107 1661 205 1701 VllI.
236 1661 330 1701 Haec
353 1673 441 1700 cum
467 1660 535 1700 viri
563 1659 816 1710 juvenesque,
840 1660 906 1700 sed
937 1662 974 1701 <Sc
1005 1669 1212 1712 matronae‚
1240 1675 1331 1704 cum

47 1725 176 1777 parvis
198 1723 325 1764 liberis
356 1725 395 1764 in
422 1725 555 1764 urbem
581 1726 772 1774 advestae,
796 1726 915 1765 flebili
941 1738 1038 1765 voce
1062 1727 1194 1777 paffim
1220 1729 1332 1769 testa-

48 1795 199 1835 rentur,
226 1789 313 1840 quid
339 1788 446 1839 igitur
473 1788 663 1840 peccaffint
698 1788 930 1838 rogitantes,
965 1803 1026 1828 cur
1060 1791 1215 1828 homines
1243 1791 1332 1830 Itali

48 1849 184 1887 laribus
207 1863 249 1886 ac
266 1848 384 1901 focis,
410 1860 574 1900 tanquam
595 1850 684 1887 bello
704 1851 805 1898 νίέῖί,
828 1851 1064 1901 pelleremur?
1091 1851 1247 1892 accensa
1262 1854 1331 1892 do-

48 1908 132 1948 lore
162 1908 292 1959 plebes
324 1908 435 1948 valde
464 1909 715 1958 movebatur,
742 1908 947 1961 praesertim
984 1924 1072 1952 cum
1100 1925 1326 1966 appareret,

50 1971 131 2011 hoc
153 1973 242 2021 agi,
270 1981 311 2010 ut
346 1972 403 2010 his
442 1971 544 2011 velut
574 1973 826 2023 compedibus
862 1975 1060 2014 constridra
1091 1976 1328 2027 respublica,

47 2047 248 2084 nunquam
265 2035 445 2084 deinceps
466 2034 587 2085 posset
607 2036 653 2074 ad
679 2035 894 2076 libertatern
915 2040 1213 2088 recuperandam
1237 2052 1329 2079 con-

52 2094 213 2145 surgere.
249 2095 367 2135 Caesar
397 2097 445 2134 ad
470 2096 553 2135 haec
582 2097 727 2137 nullam
753 2099 911 2138 reddere
945 2103 1156 2148 rationem,
1180 2112 1332 2152 praeter-

51 2170 166 2207 quam
189 2157 410 2207 necfftatis,
427 2166 598 2208 poterat:
622 2161 705 2199 adeo
717 2161 756 2211 ft
771 2175 900 2214 parcos
915 2163 952 2200 in
969 2165 1199 2214 promittendo
1208 2163 1330 2215 firiffi,

49 2232 90 2258 ut
114 2234 155 2257 ne
171 2221 224 2270 fic
257 2221 391 2271 quidem
411 2221 585 2273 satisfieri
610 2224 783 2260 veteranis
818 2224 935 2276 poffit.
964 2237 1090 2274 neque
1123 2224 1215 2263 falso
1242 2224 1328 2264 haec

51 2281 401 2328 commemorabat,
425 2282 464 2320 in
489 2295 550 2321 eas
578 2285 731 2322 coaetus
761 2286 945 2335 angustias
961 2316 972 2335 ‚
1002 2295 1044 2325 ut
1066 2298 1192 2336 neque
1223 2286 1326 2327 mili«

51 2349 134 2381 tum
152 2371 163 2390 ‚
182 2354 306 2392 neque
330 2342 512 2383 Italorum
549 2345 706 2395 gratiam
730 2353 888 2386 teneret.

103 2467 126 2510 §
151 2467 212 2500 Vl.
245 2466 346 2502 Oros.
376 2468 414 2509 6,
443 2469 495 2503 18.
522 2469 667 2513 Appiam
695 2469 777 2503 Dio.
811 2470 833 2514 §
858 2471 938 2503 Vll.
964 2472 1104 2508 Sueton.
1126 2471 1161 2506 in
1186 2471 1274 2517 Aug·
1295 2482 1330 2511 ca-

62 2521 121 2553 72.
140 2510 221 2546 Dio.
245 2512 391 2559 Appiam,
415 2513 436 2558 §
465 2514 555 2552 vlu„
577 2515 721 2551 Summi,
748 2515 784 2547 in
815 2515 903 2558 Aug,
926 2527 956 2550 c.
978 2527 1035 2561 ¹3³.
