1685 3042
303 185 398 239 '294
465 173 556 222 JO.
590 174 1096 228 FREINSHEMII
1133 173 1497 223 SUPPLEM.

302 284 431 321 virtute
457 293 559 334 atque
590 282 773 335 sapientia
791 311 803 330 ,
824 282 892 333 fibi
928 282 1105 334 confilium
1137 282 1252 334 capiet
1273 297 1285 320 .·
1315 297 1380 320 nos
1411 279 1595 334 meminiffe

304 344 454 398 patriai,
486 343 667 395 meminiffe
691 344 872 382 liberorum
901 356 1002 396 atque
1028 344 1213 397 conjugum
1235 344 1402 395 patietur.

369 405 537 446 XXVII.
579 405 678 445 Cum
709 404 791 444 haec
829 405 880 445 ad
907 406 1068 446 Brutum
1107 404 1225 445 effent
1261 405 1404 454 relata,
1421 404 1595 455 quidam
1644 419 1653 442 2.

305 469 561 518 adstantium,
577 469 787 522 fugiendum
814 469 923 521 igitur
949 469 1036 521 effe,
1061 468 1317 517 exclamavit3
1343 480 1433 507 cum
1453 466 1519 507 ille
1540 480 1599 505 re-

307 531 447 571 nidens
460 561 472 579 ,
492 533 588 569 Sane
602 562 614 579 ,
635 532 785 580 inquit,
802 531 1013 583 fugiendum
1032 533 1102 583 efl:
1123 547 1194 571 non
1213 532 1362 583 pedibus
1384 543 1523 578 tamen,
1534 529 1603 583 sed

305 607 425 633 manu.
457 595 707 643 porreQaque
737 591 891 642 fingulis
929 592 1090 640 dextra,
1110 605 1276 645 quantum
1301 594 1352 630 ad
1383 605 1434 630 me
1457 591 1598 638 attinet,

304 655 403 694 nihil
416 657 460 707 est
472 686 483 703 ,
498 656 591 708 quod
601 654 787 707 fortunam
807 653 968 705 accusare
991 654 1149 692 debeam:
1168 668 1241 707 quae
1253 655 1362 707 super
1376 654 1451 692 alia
1465 653 1601 698 multa,

305 717 374 757 hoc
394 718 494 756 etiam
505 747 516 764 ‚
532 717 626 768 quod
645 715 781 768 ingenti
796 716 882 753 mihi
897 715 1074 768 voluptati
1093 717 1160 769 est,
1168 717 1346 769 praesiitit,
1359 728 1398 754 ut
1413 717 1600 754 amicorum

306 792 358 816 me
366 777 536 829 fefellerit
559 791 678 823 nemo,
700 777 768 826 fidi
791 790 910 814 omnes
935 776 1080 829 bonique
1099 778 1308 830 perstiterint
1331 778 1382 815 ad
1404 789 1602 816 extremum.

305 839 443 878 Patriae
467 850 580 876 tamen
603 838 742 877 videtur
775 838 837 891 effe
868 839 1046 891 iniquior,
1071 840 1127 878 cui
1152 839 1327 892 praefraffe
1350 840 1521 892 adversa,
1542 853 1604 876 ne·

307 914 372 953 que
394 912 502 938 tenere
537 901 704 952 vetustam
731 900 946 949 libertatern,
979 916 1084 954 neque
1107 901 1185 954 frui
1208 913 1403 955 recuperata
1434 900 1599 951 conceffi't0

307 961 386 1003 His
407 962 562 1014 equidem
588 976 656 1000 non
675 962 816 1000 invideo
829 992 841 1009 ,
867 963 1025 1015 misereor
1047 964 1184 1016 magis,
1212 964 1271 1017 qui
1293 976 1430 1002 tantum
1452 963 1603 1016 pertule-

306 1035 389 1062 runt
422 1037 724 1078 perpetratumque
752 1025 945 1074 malorum,
969 1038 1007 1064 ut
1037 1027 1191 1080 patriam
1214 1027 1359 1081 servitio
1388 1038 1600 1080 premerent:

306 1102 370 1126 nec
386 1102 465 1126 vero
481 1089 514 1125 is
525 1118 537 1136 ‚
551 1088 610 1140 qui
624 1089 729 1141 cauſsa
751 1102 865 1126 eorum
885 1089 1063 1142 praecipua
1078 1090 1176 1143 fuit,
1200 1089 1323 1128 latebit
1336 1089 1466 1127 ultores
1485 1090 1600 1129 Deos.

310 1153 369 1192 At
390 1164 450 1202 ego
482 1151 673 1198 Virtutem,
689 1150 769 1188 lic-et
789 1165 813 1188 a
827 1149 980 1202 fortuna
1004 1153 1164 1205 destituta
1184 1167 1307 1192 nomen
1331 1152 1474 1204 potius,
1496 1165 1600 1204 quam

305 1230 361 1253 res
375 1245 385 1262 ‚
411 1213 474 1266 effe
496 1215 660 1263 dicatur,
684 1215 782 1252 lzaud
805 1215 878 1252 ullo
900 1216 1040 1266 praemio
1061 1216 1179 1256 colui.-
1203 1217 1337 1255 beatior
1353 1216 1490 1255 omnino
1513 1215 1595 1263 lzis,

308 1290 331 1316 a
357 1275 482 1327 quibus
512 1275 626 1313 viHus
646 1276 843 1328 existimor,
867 1289 940 1313 non
961 1276 1205 1327 praeteritorum
1228 1277 1328 1314 modo
1351 1275 1597 1321 recordatione,

300 1339 369 1393 sed
393 1338 498 1375 etiam
520 1337 739 1390 praesentium
767 1339 885 1390 sensu.
903 1339 958 1388 fic
983 1339 1073 1376 enim
1097 1353 1141 1376 ex
1171 1338 1250 1376 vita
1278 1339 1437 1391 discedo,
1467 1349 1506 1374 ut
1529 1350 1600 1373 me-

311 1415 388 1439 cum
409 1399 654 1453 confiientiam
674 1399 791 1452 feram
805 1430 817 1448 ,
835 1399 976 1452 fhmam
999 1400 1193 1452 relinquam
1223 1401 1304 1439 boni
1326 1401 1396 1437 viri
1418 1399 1571 1450 civisque
1585 1429 1599 1446 ,

310 1477 364 1500 res
389 1477 493 1513 neque
516 1464 624 1501 armis
655 1464 798 1502 obtineri
829 1476 960 1511 natas,
988 1479 1047 1503 nec
1072 1465 1146 1503 ullo
1169 1478 1228 1504 aere
1257 1464 1438 1517 parabiles
1465 1464 1600 1500 vil-iori-

307 1525 383 1564 bus.
405 1525 465 1576 qui
482 1525 586 1577 sane,
611 1539 814 1576 quacunque
840 1526 879 1563 in
895 1522 1064 1578 posteruni
1079 1525 1227 1577 fortuna
1247 1527 1401 1579 egerint,
1416 1525 1482 1576 fito
1508 1525 1601 1578 ipfh-

308 1600 383 1624 rum
400 1585 565 1638 judicio,
591 1587 806 1639 omniumque
835 1587 1012 1625 hominum
1035 1588 1245 1641 sententiis,
1267 1587 1473 1640 oppreffbres
1496 1587 1600 1629 liber-

305 1647 421 1693 tatis,
450 1645 677 1698 interfeHores
701 1648 903 1696 meliorum,
929 1649 1037 1702 hostes
1054 1649 1150 1700 juris
1179 1651 1212 1689 6³
1238 1651 1350 1702 aequi,
1375 1650 1486 1703 legum
1508 1665 1602 1688 ever«

300 1708 418 1760 Jbres,
448 1707 482 1744 G·
509 1709 680 1759 tyranni,
703 1709 738 1747 δ’
764 1711 899 1762 publici
927 1711 1108 1764 parricidae
1140 1712 1362 1750 habebuntur.

361 1769 549 1810 XXVIII.
582 1771 634 1809 Et
652 1785 714 1824 ego
735 1773 870 1824 quidem
887 1774 1066 1833 §hactenus
1088 1787 1250 1827 expertus
1263 1803 1274 1822 ‚
1300 1787 1373 1826 quae
1392 1774 1516 1818 debui,
1537 1788 1599 1825 po-

299 1835 422 1887 stremo
453 1832 558 1870 etiam
584 1844 721 1871 tentata
753 1835 878 1888 reliqui
905 1835 1032 1874 militis
1055 1836 1259 1884 voluntate,
1284 1836 1458 1887 postquam
1491 1835 1599 1872 inuti-

304 1898 370 1935 lem
397 1912 446 1936 me
464 1898 589 1949 patriae
621 1897 682 1949 ff
704 1898 830 1946 video,
857 1900 941 1938 mihi
981 1899 1168 1951 conficiam.
1199 1901 1274 1938 Nec
1298 1899 1388 1936 enim
1411 1899 1447 1935 in
1476 1898 1594 1936 horum

307 1960 455 1998 incidere
485 1974 611 1997 manus
646 1962 808 1999 memoria
840 1962 964 2000 veteris
989 1962 1122 2009 Bruti,
1138 1961 1172 1999 δ’
1199 1961 1393 1999 avunculus
1424 1962 1510 2001 Cato
1527 1991 1537 2008 ‚
1563 1961 1599 2000 ὃ·

304 2020 498 2072 interfeelus
527 2023 639 2076 Caesar
649 2023 768 2074 firint.
795 2039 836 2062 ne
858 2024 967 2074 Caffio
992 2025 1127 2076 quidem
1143 2026 1229 2063 data
1248 2025 1343 2074 fides
1361 2022 1525 2074 fhllenda
1540 2023 1597 2074 est.

308 2087 430 2126 Unum
455 2086 636 2137 deprecor,
661 2087 792 2135 amici,
811 2103 852 2126 ne
872 2088 952 2139 quis
979 2089 1144 2140 vestru'm,
1162 2088 1238 2140 scio
1265 2087 1354 2144 enim
1375 2086 1540 2138 quosdam
1559 2086 1599 2123 id

304 2160 427 2198 agere,
444 2147 556 2185 vitam
571 2148 642 2200 sibi
666 2163 792 2187 mecum
819 2151 1014 2202 ponendam
1037 2162 1143 2202 putei.
1173 2149 1277 2195 Erit,
1301 2149 1360 2188 ubi
1383 2150 1471 2196 hoc,
1488 2149 1526 2199 fi
1541 2163 1599 2185 ne-

304 2209 425 2259 ceffitm
444 2209 580 2261 fuerit,
608 2211 737 2250 minore
771 2226 845 2249 cum
871 2214 1118 2264 reprelienzone
1137 2211 1302 2262 filciatis.
1341 2211 1455 2263 Vestra
1481 2210 1597 2248 adhuc

303 2284 406 2320 opera
425 2271 581 2323 sortaſjis
613 2274 715 2312 utilis
744 2274 806 2326 cffi’
832 2275 956 2326 patriae
976 2276 1129 2327 poterit:
1157 2288 1262 2325 neque
1286 2274 1387 2311 vobis
1413 2273 1493 2309 bene
1526 2287 1596 2309 mo-

302 2331 411 2369 riendi
426 2361 438 2381 ,
451 2334 488 2384 si
499 2334 578 2372 bene
597 2334 762 2372 vixeritis
778 2364 790 2383 ,
806 2337 1012 2387 occasionem
1040 2335 1211 2374 invidebit
1234 2337 1349 2374 Deus.
1381 2336 1467 2374 Cato
1477 2334 1598 2383 filiurn

296 2448 521 2530 Phi{XXVL
536 2450 623 2485 Pius.
642 2452 676 2485 in
697 2452 790 2488 Brut.
811 2463 841 2486 c.
854 2463 909 2495 75.
931 2452 952 2498 §
971 2453 1116 2488 xxvn.
1132 2451 1277 2497 Appian.
1294 2452 1381 2487 flor,
1402 2462 1444 2493 4,
1466 2462 1493 2485 1.
1508 2449 1592 2486 Dio.
