<?xml version="1.0" encoding="UTF-8"?>
<!DOCTYPE html PUBLIC "-//W3C//DTD XHTML 1.0 Transitional//EN"
    "http://www.w3.org/TR/xhtml1/DTD/xhtml1-transitional.dtd">
<html xmlns="http://www.w3.org/1999/xhtml" xml:lang="en" lang="en">
 <head>
  <title>
</title>
<meta http-equiv="Content-Type" content="text/html;charset=utf-8" />
  <meta name='ocr-system' content='tesseract 3.04.00' />
  <meta name='ocr-capabilities' content='ocr_page ocr_carea ocr_par ocr_line ocrx_word'/>
</head>
<body>
  <div class='ocr_page' id='page_1' title='image "./historiarumlibri11livyuoft_0108.png"; bbox 0 0 1685 3042; ppageno 0'>
   <div class='ocr_carea' id='block_1_1' title="bbox 254 219 1432 270">
    <p class='ocr_par' dir='ltr' id='par_1_1' title="bbox 254 219 1432 270">
     <span class='ocr_line' id='line_1_1' title="bbox 254 219 1432 270; baseline -0.006 0"><span class='ocrx_word' id='word_1_1' title='bbox 254 240 341 270; x_wconf 85' lang='lat'>100</span> <span class='ocrx_word' id='word_1_2' title='bbox 409 223 500 269; x_wconf 85' lang='lat' dir='ltr'>JO.</span> <span class='ocrx_word' id='word_1_3' title='bbox 540 220 1028 266; x_wconf 76' lang='lat' dir='ltr'>FREINSHEMU</span> <span class='ocrx_word' id='word_1_4' title='bbox 1069 219 1432 265; x_wconf 74' lang='lat' dir='ltr'>SUPPLEM.</span> 
     </span>
    </p>
   </div>
   <div class='ocr_carea' id='block_1_2' title="bbox 245 296 1530 387">
    <p class='ocr_par' dir='ltr' id='par_1_2' title="bbox 245 296 1530 387">
     <span class='ocr_line' id='line_1_2' title="bbox 245 296 1530 387; baseline -0.005 -17"><span class='ocrx_word' id='word_1_5' title='bbox 245 296 351 387; x_wconf 77' lang='lat' dir='ltr'>editb</span> <span class='ocrx_word' id='word_1_6' title='bbox 367 329 523 381; x_wconf 87' lang='lat' dir='ltr'>gemitu.</span> <span class='ocrx_word' id='word_1_7' title='bbox 554 330 644 370; x_wconf 84' lang='lat' dir='ltr'>Hoc</span> <span class='ocrx_word' id='word_1_8' title='bbox 663 327 798 368; x_wconf 89' lang='lat' dir='ltr'>habitu</span> <span class='ocrx_word' id='word_1_9' title='bbox 819 327 962 366; x_wconf 89' lang='lat' dir='ltr'>cecidit</span> <span class='ocrx_word' id='word_1_10' title='bbox 983 327 1032 365; x_wconf 89' lang='lat' dir='ltr'>ad</span> <span class='ocrx_word' id='word_1_11' title='bbox 1045 325 1219 377; x_wconf 88' lang='lat' dir='ltr'>Pompeji</span> <span class='ocrx_word' id='word_1_12' title='bbox 1233 326 1415 375; x_wconf 86' lang='lat' dir='ltr'>statuam,</span> <span class='ocrx_word' id='word_1_13' title='bbox 1430 336 1530 363; x_wconf 86' lang='lat' dir='ltr'>eam-</span> 
     </span>
    </p>
   </div>
   <div class='ocr_carea' id='block_1_3' title="bbox 242 384 1544 2361">
    <p class='ocr_par' dir='ltr' id='par_1_3' title="bbox 242 384 1544 2361">
     <span class='ocr_line' id='line_1_3' title="bbox 246 384 1531 442; baseline -0.008 -10"><span class='ocrx_word' id='word_1_14' title='bbox 246 404 321 442; x_wconf 85' lang='lat' dir='ltr'>que</span> <span class='ocrx_word' id='word_1_15' title='bbox 357 390 461 442; x_wconf 85' lang='lat' dir='ltr'>largo</span> <span class='ocrx_word' id='word_1_16' title='bbox 487 402 620 429; x_wconf 89' lang='lat' dir='ltr'>cruore</span> <span class='ocrx_word' id='word_1_17' title='bbox 644 388 836 439; x_wconf 75' lang='lat' dir='ltr'>respersit,</span> <span class='ocrx_word' id='word_1_18' title='bbox 867 399 956 425; x_wconf 91' lang='lat' dir='ltr'>cum</span> <span class='ocrx_word' id='word_1_19' title='bbox 983 387 1098 425; x_wconf 89' lang='lat' dir='ltr'>etiarn</span> <span class='ocrx_word' id='word_1_20' title='bbox 1131 386 1172 424; x_wconf 89' lang='lat' dir='ltr'>in</span> <span class='ocrx_word' id='word_1_21' title='bbox 1204 388 1397 436; x_wconf 88' lang='lat' dir='ltr'>jacentem</span> <span class='ocrx_word' id='word_1_22' title='bbox 1421 384 1531 424; x_wconf 87' lang='lat' dir='ltr'>saevi-</span> 
     </span>
     <span class='ocr_line' id='line_1_4' title="bbox 242 442 1530 503; baseline -0.005 -11"><span class='ocrx_word' id='word_1_23' title='bbox 242 463 373 501; x_wconf 75' lang='lat' dir='ltr'>retur,</span> <span class='ocrx_word' id='word_1_24' title='bbox 401 464 634 503; x_wconf 85' lang='lat' dir='ltr'>manumque</span> <span class='ocrx_word' id='word_1_25' title='bbox 655 451 761 490; x_wconf 87' lang='lat' dir='ltr'>Bruti</span> <span class='ocrx_word' id='word_1_26' title='bbox 784 448 970 488; x_wconf 81' lang='lat' dir='ltr'>sauciaret</span> <span class='ocrx_word' id='word_1_27' title='bbox 991 442 1160 496; x_wconf 75' lang='lat' dir='ltr'>Caffius,</span> <span class='ocrx_word' id='word_1_28' title='bbox 1188 449 1329 486; x_wconf 90' lang='lat' dir='ltr'>eodem</span> <span class='ocrx_word' id='word_1_29' title='bbox 1354 456 1530 497; x_wconf 89' lang='lat' dir='ltr'>tempore</span> 
     </span>
     <span class='ocr_line' id='line_1_5' title="bbox 243 508 1530 567; baseline -0.007 -12"><span class='ocrx_word' id='word_1_30' title='bbox 243 516 398 567; x_wconf 84' lang='lat' dir='ltr'>plagam</span> <span class='ocrx_word' id='word_1_31' title='bbox 430 515 608 554; x_wconf 88' lang='lat' dir='ltr'>inferens.</span> <span class='ocrx_word' id='word_1_32' title='bbox 646 515 707 553; x_wconf 84' lang='lat' dir='ltr'>De</span> <span class='ocrx_word' id='word_1_33' title='bbox 731 513 842 552; x_wconf 79' lang='lat' dir='ltr'>tribus</span> <span class='ocrx_word' id='word_1_34' title='bbox 869 511 904 549; x_wconf 75' lang='lat'>‹5›</span> <span class='ocrx_word' id='word_1_35' title='bbox 929 511 1059 564; x_wconf 78' lang='lat' dir='ltr'>viginti</span> <span class='ocrx_word' id='word_1_36' title='bbox 1083 510 1308 557; x_wconf 75' lang='lat' dir='ltr'>vulneribus,</span> <span class='ocrx_word' id='word_1_37' title='bbox 1337 517 1396 548; x_wconf 89' lang='lat' dir='ltr'>tot</span> <span class='ocrx_word' id='word_1_38' title='bbox 1426 508 1530 547; x_wconf 88' lang='lat' dir='ltr'>enim</span> 
     </span>
     <span class='ocr_line' id='line_1_6' title="bbox 242 569 1531 628; baseline -0.009 -10"><span class='ocrx_word' id='word_1_39' title='bbox 242 579 345 618; x_wconf 63' lang='lat' dir='ltr'>faeta</span> <span class='ocrx_word' id='word_1_40' title='bbox 363 586 473 617; x_wconf 86' lang='lat' dir='ltr'>erant</span> <span class='ocrx_word' id='word_1_41' title='bbox 489 608 501 624; x_wconf 95' lang='lat'>,</span> <span class='ocrx_word' id='word_1_42' title='bbox 523 577 658 616; x_wconf 80' lang='lat' dir='ltr'>nullum</span> <span class='ocrx_word' id='word_1_43' title='bbox 677 573 787 628; x_wconf 63' lang='lat' dir='ltr'>fiu‘ff}</span> <span class='ocrx_word' id='word_1_44' title='bbox 812 573 933 621; x_wconf 77' lang='lat' dir='ltr'>letale,</span> <span class='ocrx_word' id='word_1_45' title='bbox 962 572 1159 619; x_wconf 89' lang='lat' dir='ltr'>medicus,</span> <span class='ocrx_word' id='word_1_46' title='bbox 1183 573 1250 622; x_wconf 91' lang='lat' dir='ltr'>qui</span> <span class='ocrx_word' id='word_1_47' title='bbox 1272 584 1317 610; x_wconf 90' lang='lat' dir='ltr'>ea</span> <span class='ocrx_word' id='word_1_48' title='bbox 1341 569 1531 621; x_wconf 84' lang='lat' dir='ltr'>inspexit,</span> 
     </span>
     <span class='ocr_line' id='line_1_7' title="bbox 245 635 1540 693; baseline -0.005 -13"><span class='ocrx_word' id='word_1_49' title='bbox 245 640 513 687; x_wconf 76' lang='lat' dir='ltr'>existimabat,</span> <span class='ocrx_word' id='word_1_50' title='bbox 529 651 654 693; x_wconf 79' lang='lat' dir='ltr'>praeeer</span> <span class='ocrx_word' id='word_1_51' title='bbox 684 639 777 690; x_wconf 85' lang='lat' dir='ltr'>quod</span> <span class='ocrx_word' id='word_1_52' title='bbox 789 636 946 689; x_wconf 68' lang='lat' dir='ltr'>fiecuudo</span> <span class='ocrx_word' id='word_1_53' title='bbox 969 635 1046 674; x_wconf 87' lang='lat' dir='ltr'>loco</span> <span class='ocrx_word' id='word_1_54' title='bbox 1071 646 1247 686; x_wconf 72' lang='lat' dir='ltr'>acceperat</span> <span class='ocrx_word' id='word_1_55' title='bbox 1269 636 1308 673; x_wconf 81' lang='lat' dir='ltr'>in</span> <span class='ocrx_word' id='word_1_56' title='bbox 1322 637 1467 687; x_wconf 67' lang='lat' dir='ltr'>peblore.</span> <span class='ocrx_word' id='word_1_57' title='bbox 1538 636 1540 638; x_wconf 67' lang='grc'>’</span> 
     </span>
     <span class='ocr_line' id='line_1_8' title="bbox 256 694 1533 749; baseline -0.008 -7"><span class='ocrx_word' id='word_1_58' title='bbox 256 729 266 734; x_wconf 86' lang='grc'>--</span> <span class='ocrx_word' id='word_1_59' title='bbox 312 702 418 742; x_wconf 87' lang='lat' dir='ltr'>LIX.</span> <span class='ocrx_word' id='word_1_60' title='bbox 460 701 659 749; x_wconf 85' lang='lat' dir='ltr'>Conjurati</span> <span class='ocrx_word' id='word_1_61' title='bbox 688 701 829 748; x_wconf 82' lang='lat' dir='ltr'>corp&#39;us</span> <span class='ocrx_word' id='word_1_62' title='bbox 859 698 899 735; x_wconf 91' lang='lat' dir='ltr'>in</span> <span class='ocrx_word' id='word_1_63' title='bbox 927 695 1102 736; x_wconf 79' lang='lat' dir='ltr'><strong>Tiberim</strong></span> <span class='ocrx_word' id='word_1_64' title='bbox 1131 695 1305 744; x_wconf 85' lang='lat' dir='ltr'>trahere,</span> <span class='ocrx_word' id='word_1_65' title='bbox 1337 694 1533 746; x_wconf 85' lang='lat' dir='ltr'>publicare</span> 
     </span>
     <span class='ocr_line' id='line_1_9' title="bbox 245 757 1534 811; baseline -0.006 -9"><span class='ocrx_word' id='word_1_66' title='bbox 245 762 371 811; x_wconf 84' lang='lat' dir='ltr'>bona,</span> <span class='ocrx_word' id='word_1_67' title='bbox 387 763 599 802; x_wconf 78' lang='lat' dir='ltr'>rescindere</span> <span class='ocrx_word' id='word_1_68' title='bbox 620 763 705 801; x_wconf 56' lang='lat' dir='ltr'>aeia</span> <span class='ocrx_word' id='word_1_69' title='bbox 720 792 731 809; x_wconf 93' lang='lat'>,</span> <span class='ocrx_word' id='word_1_70' title='bbox 759 760 865 810; x_wconf 88' lang='lat' dir='ltr'>quod</span> <span class='ocrx_word' id='word_1_71' title='bbox 886 758 1013 797; x_wconf 86' lang='lat' dir='ltr'>fuerat</span> <span class='ocrx_word' id='word_1_72' title='bbox 1033 758 1119 807; x_wconf 79' lang='lat' dir='ltr'>ipsis</span> <span class='ocrx_word' id='word_1_73' title='bbox 1142 757 1404 808; x_wconf 76' lang='lat' dir='ltr'>propositum,</span> <span class='ocrx_word' id='word_1_74' title='bbox 1428 764 1534 794; x_wconf 87' lang='lat' dir='ltr'>metu</span> 
     </span>
     <span class='ocr_line' id='line_1_10' title="bbox 243 815 1535 871; baseline -0.007 -8"><span class='ocrx_word' id='word_1_75' title='bbox 243 823 414 864; x_wconf 86' lang='lat' dir='ltr'>consulis</span> <span class='ocrx_word' id='word_1_76' title='bbox 438 823 625 871; x_wconf 86' lang='lat' dir='ltr'>Antonii,</span> <span class='ocrx_word' id='word_1_77' title='bbox 660 824 695 861; x_wconf 67' lang='grc' dir='ltr'>ὃς</span> <span class='ocrx_word' id='word_1_78' title='bbox 725 818 890 870; x_wconf 79' lang='lat' dir='ltr'>magistri</span> <span class='ocrx_word' id='word_1_79' title='bbox 932 818 1105 868; x_wconf 85' lang='lat' dir='ltr'>equitum</span> <span class='ocrx_word' id='word_1_80' title='bbox 1137 816 1276 867; x_wconf 87' lang='lat' dir='ltr'>Lepidi</span> <span class='ocrx_word' id='word_1_81' title='bbox 1310 815 1535 867; x_wconf 91' lang='lat' dir='ltr'>supersede-</span> 
     </span>
     <span class='ocr_line' id='line_1_11' title="bbox 242 877 1533 935; baseline -0.008 -10"><span class='ocrx_word' id='word_1_82' title='bbox 242 895 347 925; x_wconf 83' lang='lat' dir='ltr'>runt.</span> <span class='ocrx_word' id='word_1_83' title='bbox 366 885 443 925; x_wconf 90' lang='lat' dir='ltr'>Sed</span> <span class='ocrx_word' id='word_1_84' title='bbox 460 885 524 935; x_wconf 89' lang='lat' dir='ltr'>qui</span> <span class='ocrx_word' id='word_1_85' title='bbox 540 884 579 922; x_wconf 92' lang='lat' dir='ltr'>in</span> <span class='ocrx_word' id='word_1_86' title='bbox 594 884 699 922; x_wconf 89' lang='lat' dir='ltr'>curia</span> <span class='ocrx_word' id='word_1_87' title='bbox 723 885 758 922; x_wconf 71' lang='lat' dir='ltr'>&lt;Sc</span> <span class='ocrx_word' id='word_1_88' title='bbox 776 883 875 920; x_wconf 85' lang='lat' dir='ltr'>circa</span> <span class='ocrx_word' id='word_1_89' title='bbox 903 893 989 918; x_wconf 89' lang='lat' dir='ltr'>eam</span> <span class='ocrx_word' id='word_1_90' title='bbox 1013 878 1181 918; x_wconf 84' lang='lat' dir='ltr'>exsortes</span> <span class='ocrx_word' id='word_1_91' title='bbox 1199 877 1344 917; x_wconf 88' lang='lat' dir='ltr'>confilii</span> <span class='ocrx_word' id='word_1_92' title='bbox 1357 877 1533 925; x_wconf 85' lang='lat' dir='ltr'>fuerant,</span> 
     </span>
     <span class='ocr_line' id='line_1_12' title="bbox 244 938 1536 997; baseline -0.009 -10"><span class='ocrx_word' id='word_1_93' title='bbox 244 949 342 987; x_wconf 84' lang='lat' dir='ltr'>saevo</span> <span class='ocrx_word' id='word_1_94' title='bbox 372 945 592 997; x_wconf 71' lang='lat' dir='ltr'>spectaculo</span> <span class='ocrx_word' id='word_1_95' title='bbox 626 944 802 991; x_wconf 83' lang='lat' dir='ltr'>attoniti,</span> <span class='ocrx_word' id='word_1_96' title='bbox 844 942 1032 991; x_wconf 90' lang='lat' dir='ltr'>suamque</span> <span class='ocrx_word' id='word_1_97' title='bbox 1067 939 1192 979; x_wconf 85' lang='lat' dir='ltr'>vicem</span> <span class='ocrx_word' id='word_1_98' title='bbox 1229 939 1333 978; x_wconf 84' lang='lat' dir='ltr'>anxii</span> <span class='ocrx_word' id='word_1_99' title='bbox 1367 938 1536 989; x_wconf 83' lang='lat' dir='ltr'>trepida-</span> 
     </span>
     <span class='ocr_line' id='line_1_13' title="bbox 245 1004 1539 1056; baseline -0.007 -8"><span class='ocrx_word' id='word_1_100' title='bbox 245 1010 368 1050; x_wconf 84' lang='lat' dir='ltr'>bant:</span> <span class='ocrx_word' id='word_1_101' title='bbox 406 1020 479 1046; x_wconf 87' lang='lat' dir='ltr'>nec</span> <span class='ocrx_word' id='word_1_102' title='bbox 513 1007 616 1045; x_wconf 78' lang='lat' dir='ltr'>enini</span> <span class='ocrx_word' id='word_1_103' title='bbox 655 1015 798 1056; x_wconf 81' lang='lat' dir='ltr'>quanta</span> <span class='ocrx_word' id='word_1_104' title='bbox 833 1013 899 1043; x_wconf 82' lang='lat' dir='ltr'>aut</span> <span class='ocrx_word' id='word_1_105' title='bbox 936 1015 1072 1042; x_wconf 87' lang='lat' dir='ltr'>manus</span> <span class='ocrx_word' id='word_1_106' title='bbox 1111 1004 1431 1052; x_wconf 86' lang='lat' dir='ltr'>conjuratorum,</span> <span class='ocrx_word' id='word_1_107' title='bbox 1469 1008 1539 1039; x_wconf 74' lang='lat' dir='ltr'>aut</span> 
     </span>
     <span class='ocr_line' id='line_1_14' title="bbox 245 1060 1540 1118; baseline -0.005 -12"><span class='ocrx_word' id='word_1_108' title='bbox 245 1068 359 1118; x_wconf 84' lang='lat' dir='ltr'>quale</span> <span class='ocrx_word' id='word_1_109' title='bbox 385 1066 587 1106; x_wconf 82' lang='lat' dir='ltr'>confilium</span> <span class='ocrx_word' id='word_1_110' title='bbox 621 1067 737 1114; x_wconf 76' lang='lat' dir='ltr'>esset,</span> <span class='ocrx_word' id='word_1_111' title='bbox 767 1065 953 1117; x_wconf 78' lang='lat' dir='ltr'>liquebat.</span> <span class='ocrx_word' id='word_1_112' title='bbox 993 1064 1164 1113; x_wconf 89' lang='lat' dir='ltr'>Ideoque</span> <span class='ocrx_word' id='word_1_113' title='bbox 1194 1062 1287 1102; x_wconf 91' lang='lat' dir='ltr'>licet</span> <span class='ocrx_word' id='word_1_114' title='bbox 1323 1060 1540 1113; x_wconf 77' lang='lat' dir='ltr'>progressus</span> 
     </span>
     <span class='ocr_line' id='line_1_15' title="bbox 245 1124 1538 1180; baseline -0.005 -12"><span class='ocrx_word' id='word_1_115' title='bbox 245 1134 291 1168; x_wconf 78' lang='lat' dir='ltr'>in</span> <span class='ocrx_word' id='word_1_116' title='bbox 313 1130 486 1169; x_wconf 87' lang='lat' dir='ltr'>medium</span> <span class='ocrx_word' id='word_1_117' title='bbox 510 1130 645 1170; x_wconf 90' lang='lat' dir='ltr'>Brutus</span> <span class='ocrx_word' id='word_1_118' title='bbox 661 1129 804 1179; x_wconf 84' lang='lat' dir='ltr'>alloqui</span> <span class='ocrx_word' id='word_1_119' title='bbox 829 1137 1011 1180; x_wconf 87' lang='lat' dir='ltr'>cuperet,</span> <span class='ocrx_word' id='word_1_120' title='bbox 1037 1126 1235 1176; x_wconf 82' lang='lat' dir='ltr'>ejicientes</span> <span class='ocrx_word' id='word_1_121' title='bbox 1258 1125 1296 1164; x_wconf 89' lang='lat' dir='ltr'>se</span> <span class='ocrx_word' id='word_1_122' title='bbox 1319 1125 1424 1163; x_wconf 88' lang='lat' dir='ltr'>curia</span> <span class='ocrx_word' id='word_1_123' title='bbox 1444 1124 1538 1173; x_wconf 85' lang='lat' dir='ltr'>fuga</span> 
     </span>
     <span class='ocr_line' id='line_1_16' title="bbox 249 1181 1540 1239; baseline -0.006 -8"><span class='ocrx_word' id='word_1_124' title='bbox 249 1194 285 1231; x_wconf 69' lang='lat' dir='ltr'>Sc</span> <span class='ocrx_word' id='word_1_125' title='bbox 312 1191 481 1230; x_wconf 89' lang='lat' dir='ltr'>tumultu</span> <span class='ocrx_word' id='word_1_126' title='bbox 511 1192 640 1231; x_wconf 88' lang='lat' dir='ltr'>omnia</span> <span class='ocrx_word' id='word_1_127' title='bbox 672 1192 914 1239; x_wconf 80' lang='lat' dir='ltr'>miscebant,</span> <span class='ocrx_word' id='word_1_128' title='bbox 951 1191 1089 1229; x_wconf 90' lang='lat' dir='ltr'>obvios</span> <span class='ocrx_word' id='word_1_129' title='bbox 1117 1184 1174 1222; x_wconf 76' lang='lat' dir='ltr'>sui</span> <span class='ocrx_word' id='word_1_130' title='bbox 1199 1181 1356 1232; x_wconf 84' lang='lat' dir='ltr'>quisque</span> <span class='ocrx_word' id='word_1_131' title='bbox 1387 1185 1540 1223; x_wconf 79' lang='lat' dir='ltr'>terroris</span> 
     </span>
     <span class='ocr_line' id='line_1_17' title="bbox 245 1243 1539 1303; baseline -0.009 -11"><span class='ocrx_word' id='word_1_132' title='bbox 245 1252 427 1303; x_wconf 85' lang='lat' dir='ltr'>implens.</span> <span class='ocrx_word' id='word_1_133' title='bbox 465 1251 594 1301; x_wconf 87' lang='lat' dir='ltr'>anue</span> <span class='ocrx_word' id='word_1_134' title='bbox 614 1261 672 1288; x_wconf 86' lang='lat' dir='ltr'>res</span> <span class='ocrx_word' id='word_1_135' title='bbox 695 1248 882 1287; x_wconf 73' lang='lat' dir='ltr'>levissimo</span> <span class='ocrx_word' id='word_1_136' title='bbox 904 1246 1044 1296; x_wconf 88' lang='lat' dir='ltr'>cuique</span> <span class='ocrx_word' id='word_1_137' title='bbox 1068 1244 1310 1284; x_wconf 74' lang='lat' dir='ltr'>occasionem</span> <span class='ocrx_word' id='word_1_138' title='bbox 1331 1243 1446 1291; x_wconf 87' lang='lat' dir='ltr'>fecit,</span> <span class='ocrx_word' id='word_1_139' title='bbox 1471 1253 1539 1292; x_wconf 88' lang='lat' dir='ltr'>pet</span> 
     </span>
     <span class='ocr_line' id='line_1_18' title="bbox 248 1305 1540 1363; baseline -0.01 -8"><span class='ocrx_word' id='word_1_140' title='bbox 248 1315 408 1355; x_wconf 83' lang='lat' dir='ltr'>vulnera</span> <span class='ocrx_word' id='word_1_141' title='bbox 436 1315 472 1353; x_wconf 69' lang='grc' dir='ltr'>ἃ</span> <span class='ocrx_word' id='word_1_142' title='bbox 499 1313 649 1363; x_wconf 86' lang='lat' dir='ltr'>rapinas</span> <span class='ocrx_word' id='word_1_143' title='bbox 680 1305 907 1350; x_wconf 66' lang='lat' dir='ltr'>exercendae</span> <span class='ocrx_word' id='word_1_144' title='bbox 930 1307 1178 1359; x_wconf 82' lang='lat' dir='ltr'>petulantiae:</span> <span class='ocrx_word' id='word_1_145' title='bbox 1215 1305 1404 1355; x_wconf 87' lang='lat' dir='ltr'>multique</span> <span class='ocrx_word' id='word_1_146' title='bbox 1430 1316 1540 1355; x_wconf 87' lang='lat' dir='ltr'>pere-</span> 
     </span>
     <span class='ocr_line' id='line_1_19' title="bbox 251 1367 1541 1428; baseline -0.008 -14"><span class='ocrx_word' id='word_1_147' title='bbox 251 1378 351 1428; x_wconf 84' lang='lat' dir='ltr'>grini</span> <span class='ocrx_word' id='word_1_148' title='bbox 388 1385 502 1426; x_wconf 88' lang='lat' dir='ltr'>atque</span> <span class='ocrx_word' id='word_1_149' title='bbox 534 1375 661 1421; x_wconf 89' lang='lat' dir='ltr'>cives,</span> <span class='ocrx_word' id='word_1_150' title='bbox 696 1372 761 1411; x_wconf 86' lang='lat' dir='ltr'>sed</span> <span class='ocrx_word' id='word_1_151' title='bbox 787 1374 826 1411; x_wconf 67' lang='lat' dir='ltr'>St</span> <span class='ocrx_word' id='word_1_152' title='bbox 858 1372 1048 1410; x_wconf 82' lang='lat' dir='ltr'>senatores</span> <span class='ocrx_word' id='word_1_153' title='bbox 1079 1368 1255 1409; x_wconf 84' lang='lat' dir='ltr'>nonnulli</span> <span class='ocrx_word' id='word_1_154' title='bbox 1279 1367 1470 1407; x_wconf 88' lang='lat' dir='ltr'>vulnerati</span> <span class='ocrx_word' id='word_1_155' title='bbox 1503 1367 1541 1405; x_wconf 73' lang='grc' dir='ltr'>ἅτ</span> 
     </span>
     <span class='ocr_line' id='line_1_20' title="bbox 251 1429 1541 1481; baseline -0.008 -4"><span class='ocrx_word' id='word_1_156' title='bbox 251 1438 365 1477; x_wconf 78' lang='lat' dir='ltr'>occisr</span> <span class='ocrx_word' id='word_1_157' title='bbox 393 1436 481 1476; x_wconf 88' lang='lat' dir='ltr'>sunt</span> <span class='ocrx_word' id='word_1_158' title='bbox 504 1435 658 1474; x_wconf 87' lang='lat' dir='ltr'>incertis</span> <span class='ocrx_word' id='word_1_159' title='bbox 684 1433 938 1481; x_wconf 62' lang='lat' dir='ltr'>auctoribusg.</span> <span class='ocrx_word' id='word_1_160' title='bbox 954 1431 1090 1471; x_wconf 88' lang='lat' dir='ltr'>mensae</span> <span class='ocrx_word' id='word_1_161' title='bbox 1106 1431 1350 1480; x_wconf 75' lang='lat' dir='ltr'>tabernaeque</span> <span class='ocrx_word' id='word_1_162' title='bbox 1370 1429 1541 1478; x_wconf 83' lang='lat' dir='ltr'>direptae.</span> 
     </span>
     <span class='ocr_line' id='line_1_21' title="bbox 308 1492 1543 1549; baseline -0.01 -9"><span class='ocrx_word' id='word_1_163' title='bbox 308 1501 390 1540; x_wconf 88' lang='lat' dir='ltr'>LX.</span> <span class='ocrx_word' id='word_1_164' title='bbox 419 1498 576 1549; x_wconf 84' lang='lat' dir='ltr'>Quippe</span> <span class='ocrx_word' id='word_1_165' title='bbox 600 1509 647 1536; x_wconf 83' lang='lat' dir='ltr'>ex</span> <span class='ocrx_word' id='word_1_166' title='bbox 671 1497 890 1547; x_wconf 86' lang='lat' dir='ltr'>propinquo</span> <span class='ocrx_word' id='word_1_167' title='bbox 914 1493 1066 1533; x_wconf 86' lang='lat' dir='ltr'>theatro</span> <span class='ocrx_word' id='word_1_168' title='bbox 1090 1503 1168 1533; x_wconf 86' lang='lat' dir='ltr'>tam</span> <span class='ocrx_word' id='word_1_169' title='bbox 1194 1492 1447 1543; x_wconf 63' lang='lat' dir='ltr'>speetatorum</span> <span class='ocrx_word' id='word_1_170' title='bbox 1464 1499 1543 1529; x_wconf 89' lang='lat' dir='ltr'>tur-</span> 
     </span>
     <span class='ocr_line' id='line_1_22' title="bbox 255 1553 1540 1613; baseline -0.01 -10"><span class='ocrx_word' id='word_1_171' title='bbox 255 1563 305 1603; x_wconf 87' lang='lat' dir='ltr'>ba</span> <span class='ocrx_word' id='word_1_172' title='bbox 321 1593 332 1609; x_wconf 73' lang='grc'>,</span> <span class='ocrx_word' id='word_1_173' title='bbox 361 1576 475 1613; x_wconf 84' lang='lat' dir='ltr'>quam</span> <span class='ocrx_word' id='word_1_174' title='bbox 501 1561 571 1611; x_wconf 77' lang='lat' dir='ltr'>ipsi</span> <span class='ocrx_word' id='word_1_175' title='bbox 598 1572 751 1610; x_wconf 91' lang='lat' dir='ltr'>quoque</span> <span class='ocrx_word' id='word_1_176' title='bbox 776 1558 1027 1609; x_wconf 78' lang='lat' dir='ltr'>gladiatores,</span> <span class='ocrx_word' id='word_1_177' title='bbox 1051 1556 1098 1597; x_wconf 86' lang='lat' dir='ltr'>ab</span> <span class='ocrx_word' id='word_1_178' title='bbox 1124 1556 1270 1595; x_wconf 87' lang='lat' dir='ltr'>editore</span> <span class='ocrx_word' id='word_1_179' title='bbox 1298 1553 1540 1605; x_wconf 83' lang='lat' dir='ltr'>praemoniti,</span> 
     </span>
     <span class='ocr_line' id='line_1_23' title="bbox 257 1615 1541 1675; baseline -0.007 -12"><span class='ocrx_word' id='word_1_180' title='bbox 257 1634 474 1675; x_wconf 83' lang='lat' dir='ltr'>eruperant.</span> <span class='ocrx_word' id='word_1_181' title='bbox 511 1624 559 1662; x_wconf 88' lang='lat' dir='ltr'>Et</span> <span class='ocrx_word' id='word_1_182' title='bbox 586 1622 751 1672; x_wconf 82' lang='lat' dir='ltr'>augebat</span> <span class='ocrx_word' id='word_1_183' title='bbox 785 1621 1134 1660; x_wconf 87' lang='lat' dir='ltr'>consternationem</span> <span class='ocrx_word' id='word_1_184' title='bbox 1171 1617 1381 1656; x_wconf 87' lang='lat' dir='ltr'>vehemens</span> <span class='ocrx_word' id='word_1_185' title='bbox 1417 1615 1541 1655; x_wconf 87' lang='lat' dir='ltr'>imber</span> 
     </span>
     <span class='ocr_line' id='line_1_24' title="bbox 257 1679 1543 1736; baseline -0.006 -10"><span class='ocrx_word' id='word_1_186' title='bbox 257 1688 437 1728; x_wconf 76' lang='lat' dir='ltr'>horribili</span> <span class='ocrx_word' id='word_1_187' title='bbox 463 1687 633 1735; x_wconf 87' lang='lat' dir='ltr'>tonitru,</span> <span class='ocrx_word' id='word_1_188' title='bbox 666 1685 768 1736; x_wconf 83' lang='lat' dir='ltr'>quafi</span> <span class='ocrx_word' id='word_1_189' title='bbox 794 1685 939 1724; x_wconf 85' lang='lat' dir='ltr'>coelum</span> <span class='ocrx_word' id='word_1_190' title='bbox 965 1684 1091 1735; x_wconf 87' lang='lat' dir='ltr'>ipsum</span> <span class='ocrx_word' id='word_1_191' title='bbox 1115 1682 1303 1722; x_wconf 87' lang='lat' dir='ltr'>funestam</span> <span class='ocrx_word' id='word_1_192' title='bbox 1339 1690 1454 1731; x_wconf 85' lang='lat' dir='ltr'>atque</span> <span class='ocrx_word' id='word_1_193' title='bbox 1478 1679 1543 1718; x_wconf 89' lang='lat' dir='ltr'>lu-</span> 
     </span>
     <span class='ocr_line' id='line_1_25' title="bbox 258 1741 1544 1791; baseline -0.008 -1"><span class='ocrx_word' id='word_1_194' title='bbox 258 1750 429 1791; x_wconf 69' lang='lat' dir='ltr'>ctuosam</span> <span class='ocrx_word' id='word_1_195' title='bbox 459 1750 601 1789; x_wconf 84' lang='lat' dir='ltr'>faciem</span> <span class='ocrx_word' id='word_1_196' title='bbox 632 1746 823 1787; x_wconf 85' lang='lat' dir='ltr'>induisset.</span> <span class='ocrx_word' id='word_1_197' title='bbox 856 1747 1007 1787; x_wconf 88' lang='lat' dir='ltr'>Idcirco</span> <span class='ocrx_word' id='word_1_198' title='bbox 1033 1754 1113 1785; x_wconf 86' lang='lat' dir='ltr'>tota</span> <span class='ocrx_word' id='word_1_199' title='bbox 1136 1745 1229 1784; x_wconf 89' lang='lat' dir='ltr'>urbe</span> <span class='ocrx_word' id='word_1_200' title='bbox 1259 1744 1397 1783; x_wconf 89' lang='lat' dir='ltr'>domus</span> <span class='ocrx_word' id='word_1_201' title='bbox 1431 1741 1544 1781; x_wconf 91' lang='lat' dir='ltr'>clau-</span> 
     </span>
     <span class='ocr_line' id='line_1_26' title="bbox 259 1802 1543 1859; baseline -0.009 -7"><span class='ocrx_word' id='word_1_202' title='bbox 259 1813 469 1852; x_wconf 86' lang='lat' dir='ltr'>debantur:</span> <span class='ocrx_word' id='word_1_203' title='bbox 505 1802 695 1851; x_wconf 78' lang='lat' dir='ltr'>senatores</span> <span class='ocrx_word' id='word_1_204' title='bbox 709 1840 721 1855; x_wconf 89' lang='lat'><em>‚</em></span> <span class='ocrx_word' id='word_1_205' title='bbox 742 1809 807 1848; x_wconf 90' lang='lat' dir='ltr'>ubi</span> <span class='ocrx_word' id='word_1_206' title='bbox 829 1808 987 1859; x_wconf 90' lang='lat' dir='ltr'>quisque</span> <span class='ocrx_word' id='word_1_207' title='bbox 1023 1815 1198 1858; x_wconf 84' lang='lat' dir='ltr'>poterat,</span> <span class='ocrx_word' id='word_1_208' title='bbox 1223 1817 1290 1856; x_wconf 89' lang='lat' dir='ltr'>per</span> <span class='ocrx_word' id='word_1_209' title='bbox 1309 1804 1486 1843; x_wconf 86' lang='lat' dir='ltr'>tabernas</span> <span class='ocrx_word' id='word_1_210' title='bbox 1506 1804 1543 1842; x_wconf 70' lang='lat'>8:</span> 
     </span>
     <span class='ocr_line' id='line_1_27' title="bbox 258 1865 1543 1918; baseline -0.009 -4"><span class='ocrx_word' id='word_1_211' title='bbox 258 1875 400 1914; x_wconf 88' lang='lat' dir='ltr'>insulas</span> <span class='ocrx_word' id='word_1_212' title='bbox 431 1874 470 1913; x_wconf 89' lang='lat' dir='ltr'>se</span> <span class='ocrx_word' id='word_1_213' title='bbox 507 1873 730 1913; x_wconf 87' lang='lat' dir='ltr'>abdebant:</span> <span class='ocrx_word' id='word_1_214' title='bbox 769 1870 1020 1911; x_wconf 86' lang='lat' dir='ltr'>occursabant</span> <span class='ocrx_word' id='word_1_215' title='bbox 1050 1870 1216 1909; x_wconf 88' lang='lat' dir='ltr'>invicem</span> <span class='ocrx_word' id='word_1_216' title='bbox 1241 1868 1422 1918; x_wconf 87' lang='lat' dir='ltr'>agmina,</span> <span class='ocrx_word' id='word_1_217' title='bbox 1449 1865 1543 1904; x_wconf 90' lang='lat' dir='ltr'>hinc</span> 
     </span>
     <span class='ocr_line' id='line_1_28' title="bbox 260 1929 1544 1987; baseline -0.007 -11"><span class='ocrx_word' id='word_1_218' title='bbox 260 1939 579 1978; x_wconf 86' lang='lat' dir='ltr'>contendentium</span> <span class='ocrx_word' id='word_1_219' title='bbox 601 1938 650 1976; x_wconf 85' lang='lat' dir='ltr'>ad</span> <span class='ocrx_word' id='word_1_220' title='bbox 668 1936 916 1987; x_wconf 64' lang='lat' dir='ltr'>spectandum</span> <span class='ocrx_word' id='word_1_221' title='bbox 940 1946 1102 1985; x_wconf 80' lang='lat' dir='ltr'>corpus,</span> <span class='ocrx_word' id='word_1_222' title='bbox 1126 1933 1216 1971; x_wconf 90' lang='lat' dir='ltr'>inde</span> <span class='ocrx_word' id='word_1_223' title='bbox 1231 1961 1242 1979; x_wconf 87' lang='lat'>,</span> <span class='ocrx_word' id='word_1_224' title='bbox 1260 1943 1299 1969; x_wconf 92' lang='lat' dir='ltr'>re</span> <span class='ocrx_word' id='word_1_225' title='bbox 1324 1929 1544 1981; x_wconf 61' lang='lat' dir='ltr'>perspecta,</span> 
     </span>
     <span class='ocr_line' id='line_1_29' title="bbox 261 1990 1542 2047; baseline -0.008 -9"><span class='ocrx_word' id='word_1_226' title='bbox 261 2001 516 2039; x_wconf 89' lang='lat' dir='ltr'>redeuntium.</span> <span class='ocrx_word' id='word_1_227' title='bbox 545 1999 734 2039; x_wconf 84' lang='lat' dir='ltr'>Antonius</span> <span class='ocrx_word' id='word_1_228' title='bbox 757 2000 792 2037; x_wconf 64' lang='grc' dir='ltr'>ἃ</span> <span class='ocrx_word' id='word_1_229' title='bbox 818 1997 1004 2047; x_wconf 89' lang='lat' dir='ltr'>Lepidus,</span> <span class='ocrx_word' id='word_1_230' title='bbox 1029 1995 1095 2034; x_wconf 87' lang='lat' dir='ltr'>fibi</span> <span class='ocrx_word' id='word_1_231' title='bbox 1117 1994 1319 2038; x_wconf 84' lang='lat' dir='ltr'>timentes,</span> <span class='ocrx_word' id='word_1_232' title='bbox 1350 1991 1475 2042; x_wconf 89' lang='lat' dir='ltr'>primo</span> <span class='ocrx_word' id='word_1_233' title='bbox 1502 1990 1542 2028; x_wconf 89' lang='lat' dir='ltr'>in</span> 
     </span>
     <span class='ocr_line' id='line_1_30' title="bbox 263 2053 1542 2112; baseline -0.006 -12"><span class='ocrx_word' id='word_1_234' title='bbox 263 2061 406 2101; x_wconf 83' lang='lat' dir='ltr'>alienas</span> <span class='ocrx_word' id='word_1_235' title='bbox 426 2063 526 2101; x_wconf 76' lang='lat' dir='ltr'>aedes</span> <span class='ocrx_word' id='word_1_236' title='bbox 546 2061 793 2112; x_wconf 85' lang='lat' dir='ltr'>profugiunt:</span> <span class='ocrx_word' id='word_1_237' title='bbox 817 2071 908 2098; x_wconf 80' lang='lat' dir='ltr'>mox</span> <span class='ocrx_word' id='word_1_238' title='bbox 923 2057 1135 2104; x_wconf 86' lang='lat' dir='ltr'>Antonius,</span> <span class='ocrx_word' id='word_1_239' title='bbox 1154 2063 1298 2094; x_wconf 88' lang='lat' dir='ltr'>mutata</span> <span class='ocrx_word' id='word_1_240' title='bbox 1313 2054 1426 2099; x_wconf 89' lang='lat' dir='ltr'>veste,</span> <span class='ocrx_word' id='word_1_241' title='bbox 1442 2053 1542 2092; x_wconf 85' lang='lat' dir='ltr'>clam</span> 
     </span>
     <span class='ocr_line' id='line_1_31' title="bbox 261 2114 1541 2173; baseline -0.006 -11"><span class='ocrx_word' id='word_1_242' title='bbox 261 2123 452 2173; x_wconf 83' lang='lat' dir='ltr'>egressus,</span> <span class='ocrx_word' id='word_1_243' title='bbox 475 2123 730 2162; x_wconf 87' lang='lat' dir='ltr'>communivit</span> <span class='ocrx_word' id='word_1_244' title='bbox 759 2121 868 2169; x_wconf 79' lang='lat' dir='ltr'>suas;</span> <span class='ocrx_word' id='word_1_245' title='bbox 897 2121 1092 2171; x_wconf 87' lang='lat' dir='ltr'>Lepidus,</span> <span class='ocrx_word' id='word_1_246' title='bbox 1116 2118 1156 2157; x_wconf 90' lang='lat' dir='ltr'>in</span> <span class='ocrx_word' id='word_1_247' title='bbox 1176 2117 1324 2158; x_wconf 87' lang='lat' dir='ltr'>Tiberis</span> <span class='ocrx_word' id='word_1_248' title='bbox 1353 2114 1541 2163; x_wconf 85' lang='lat' dir='ltr'>insulam,</span> 
     </span>
     <span class='ocr_line' id='line_1_32' title="bbox 264 2177 1544 2237; baseline -0.007 -12"><span class='ocrx_word' id='word_1_249' title='bbox 264 2187 331 2225; x_wconf 86' lang='lat' dir='ltr'>ubi</span> <span class='ocrx_word' id='word_1_250' title='bbox 357 2185 456 2237; x_wconf 84' lang='lat' dir='ltr'>legio</span> <span class='ocrx_word' id='word_1_251' title='bbox 487 2194 567 2224; x_wconf 86' lang='lat' dir='ltr'>erat</span> <span class='ocrx_word' id='word_1_252' title='bbox 595 2185 786 2232; x_wconf 86' lang='lat' dir='ltr'>militum,</span> <span class='ocrx_word' id='word_1_253' title='bbox 812 2182 1036 2229; x_wconf 77' lang='lat' dir='ltr'>transmisit,</span> <span class='ocrx_word' id='word_1_254' title='bbox 1067 2190 1178 2231; x_wconf 84' lang='lat' dir='ltr'>atque</span> <span class='ocrx_word' id='word_1_255' title='bbox 1204 2179 1296 2218; x_wconf 91' lang='lat' dir='ltr'>inde</span> <span class='ocrx_word' id='word_1_256' title='bbox 1321 2177 1480 2216; x_wconf 84' lang='lat' dir='ltr'>deduxit</span> <span class='ocrx_word' id='word_1_257' title='bbox 1504 2177 1544 2216; x_wconf 90' lang='lat' dir='ltr'>in</span> 
     </span>
     <span class='ocr_line' id='line_1_33' title="bbox 263 2239 1508 2299; baseline -0.009 -11"><span class='ocrx_word' id='word_1_258' title='bbox 263 2261 471 2299; x_wconf 86' lang='lat' dir='ltr'>campum,</span> <span class='ocrx_word' id='word_1_259' title='bbox 500 2249 678 2287; x_wconf 83' lang='lat' dir='ltr'>mandata</span> <span class='ocrx_word' id='word_1_260' title='bbox 707 2246 860 2286; x_wconf 85' lang='lat' dir='ltr'>Antonii</span> <span class='ocrx_word' id='word_1_261' title='bbox 898 2253 1079 2295; x_wconf 83' lang='lat' dir='ltr'>tanquam</span> <span class='ocrx_word' id='word_1_262' title='bbox 1103 2241 1268 2282; x_wconf 87' lang='lat' dir='ltr'>consulis</span> <span class='ocrx_word' id='word_1_263' title='bbox 1290 2239 1508 2291; x_wconf 88' lang='lat' dir='ltr'>opperiens.</span> 
     </span>
     <span class='ocr_line' id='line_1_34' title="bbox 331 2301 1544 2361; baseline -0.011 -9"><span class='ocrx_word' id='word_1_264' title='bbox 331 2311 435 2353; x_wconf 84' lang='lat' dir='ltr'>LXI.¹</span> <span class='ocrx_word' id='word_1_265' title='bbox 463 2313 512 2352; x_wconf 86' lang='lat' dir='ltr'>At</span> <span class='ocrx_word' id='word_1_266' title='bbox 539 2322 679 2361; x_wconf 86' lang='lat' dir='ltr'>corpus</span> <span class='ocrx_word' id='word_1_267' title='bbox 706 2308 802 2348; x_wconf 89' lang='lat' dir='ltr'>illud</span> <span class='ocrx_word' id='word_1_268' title='bbox 832 2317 1017 2347; x_wconf 84' lang='lat' dir='ltr'>terrarum</span> <span class='ocrx_word' id='word_1_269' title='bbox 1050 2305 1170 2345; x_wconf 88' lang='lat' dir='ltr'>modo</span> <span class='ocrx_word' id='word_1_270' title='bbox 1206 2304 1446 2352; x_wconf 89' lang='lat' dir='ltr'>mariumque</span> <span class='ocrx_word' id='word_1_271' title='bbox 1474 2301 1544 2340; x_wconf 88' lang='lat' dir='ltr'>do·</span> 
     </span>
    </p>
   </div>
   <div class='ocr_carea' id='block_1_4' title="bbox 268 2418 1546 2565">
    <p class='ocr_par' dir='ltr' id='par_1_4' title="bbox 268 2418 1546 2565">
     <span class='ocr_line' id='line_1_35' title="bbox 313 2418 1546 2476; baseline -0.01 -13"><span class='ocrx_word' id='word_1_272' title='bbox 313 2433 334 2476; x_wconf 64' lang='grc' dir='ltr'><strong>ς</strong></span> <span class='ocrx_word' id='word_1_273' title='bbox 360 2431 485 2464; x_wconf 80' lang='lat' dir='ltr'>Lvm.</span> <span class='ocrx_word' id='word_1_274' title='bbox 512 2430 656 2473; x_wconf 77' lang='lat' dir='ltr'>Appian.</span> <span class='ocrx_word' id='word_1_275' title='bbox 688 2429 828 2461; x_wconf 83' lang='lat' dir='ltr'>Sueton.</span> <span class='ocrx_word' id='word_1_276' title='bbox 854 2427 934 2459; x_wconf 89' lang='lat' dir='ltr'>Dio.</span> <span class='ocrx_word' id='word_1_277' title='bbox 958 2425 1049 2458; x_wconf 86' lang='lat' dir='ltr'>Plut.</span> <span class='ocrx_word' id='word_1_278' title='bbox 1073 2425 1149 2457; x_wconf 87' lang='lat' dir='ltr'>Val.</span> <span class='ocrx_word' id='word_1_279' title='bbox 1174 2423 1269 2456; x_wconf 84' lang='lat' dir='ltr'>Max.</span> <span class='ocrx_word' id='word_1_280' title='bbox 1288 2433 1331 2462; x_wconf 76' lang='grc'>4,</span> <span class='ocrx_word' id='word_1_281' title='bbox 1353 2431 1382 2459; x_wconf 85' lang='grc' dir='ltr'>ς.</span> <span class='ocrx_word' id='word_1_282' title='bbox 1406 2421 1427 2456; x_wconf 78' lang='grc' dir='ltr'>Ε</span> <span class='ocrx_word' id='word_1_283' title='bbox 1456 2418 1546 2453; x_wconf 76' lang='lat' dir='ltr'>mx,</span> 
     </span>
     <span class='ocr_line' id='line_1_36' title="bbox 268 2465 1546 2518; baseline -0.01 -9"><span class='ocrx_word' id='word_1_284' title='bbox 268 2477 346 2510; x_wconf 85' lang='lat' dir='ltr'>Liv.</span> <span class='ocrx_word' id='word_1_285' title='bbox 374 2476 463 2518; x_wconf 80' lang='lat' dir='ltr'>Epir.</span> <span class='ocrx_word' id='word_1_286' title='bbox 490 2476 632 2508; x_wconf 81' lang='lat' dir='ltr'>sueton.</span> <span class='ocrx_word' id='word_1_287' title='bbox 656 2474 737 2508; x_wconf 72' lang='lat' dir='ltr'>Dio,</span> <span class='ocrx_word' id='word_1_288' title='bbox 763 2473 851 2506; x_wconf 86' lang='lat' dir='ltr'>Plut.</span> <span class='ocrx_word' id='word_1_289' title='bbox 887 2474 907 2517; x_wconf 83' lang='lat'>§</span> <span class='ocrx_word' id='word_1_290' title='bbox 934 2470 1003 2505; x_wconf 88' lang='lat' dir='ltr'>LX.</span> <span class='ocrx_word' id='word_1_291' title='bbox 1028 2470 1174 2514; x_wconf 75' lang='lat' dir='ltr'>Appian.</span> <span class='ocrx_word' id='word_1_292' title='bbox 1196 2468 1275 2502; x_wconf 84' lang='lat' dir='ltr'>Dio.</span> <span class='ocrx_word' id='word_1_293' title='bbox 1302 2467 1375 2502; x_wconf 85' lang='lat' dir='ltr'>Cic.</span> <span class='ocrx_word' id='word_1_294' title='bbox 1400 2465 1485 2499; x_wconf 82' lang='lat' dir='ltr'>Phil.</span> <span class='ocrx_word' id='word_1_295' title='bbox 1508 2475 1546 2506; x_wconf 85' lang='lat'>2,</span> 
     </span>
     <span class='ocr_line' id='line_1_37' title="bbox 268 2518 784 2565; baseline -0.01 -10"><span class='ocrx_word' id='word_1_296' title='bbox 268 2532 322 2565; x_wconf 78' lang='lat'>35.</span> <span class='ocrx_word' id='word_1_297' title='bbox 358 2521 446 2554; x_wconf 80' lang='lat' dir='ltr'>Plut.</span> <span class='ocrx_word' id='word_1_298' title='bbox 469 2522 502 2552; x_wconf 89' lang='lat' dir='ltr'>in</span> <span class='ocrx_word' id='word_1_299' title='bbox 527 2521 653 2552; x_wconf 82' lang='lat' dir='ltr'>Anton.</span> <span class='ocrx_word' id='word_1_300' title='bbox 676 2530 705 2550; x_wconf 91' lang='lat' dir='ltr'>c.</span> <span class='ocrx_word' id='word_1_301' title='bbox 735 2518 784 2551; x_wconf 77' lang='lat'>18.</span> 
     </span>
    </p>
   </div>
   <div class='ocr_carea' id='block_1_5' title="bbox 1639 0 1685 2322">
    <p class='ocr_par' dir='ltr' id='par_1_5' title="bbox 1639 0 1685 2322">
     <span class='ocr_line' id='line_1_38' title="bbox 1639 0 1685 2322; baseline 0 0"><span class='ocrx_word' id='word_1_302' title='bbox 1639 0 1685 2322; x_wconf 95' lang='lat' dir='ltr'> </span> 
     </span>
    </p>
   </div>
  </div>
 </body>
</html>
