1685 3042
282 186 379 231 260
428 183 510 230 JO.
538 182 625 228 FR.
653 181 811 228 SUPP.
842 182 903 227 1N
935 181 1076 229 LOC.
1102 182 1152 228 L.
1176 181 1354 228 CXXII
1387 183 1508 246 LIV·

338 289 462 331 XLII.
485 290 534 329 At
551 288 694 328 Statius
714 288 872 330 Murcus
886 318 896 337 ‚
915 289 1014 328 circa
1027 288 1335 340 Peloponnesum
1350 290 1569 338 excubans,

283 363 378 392 cum
404 352 622 405 AEgyptiam
647 350 781 403 claffim
801 352 850 389 ad
874 350 1012 402 Africae
1033 351 1139 390 litora
1153 351 1273 404 penſj}
1296 352 1482 405 naufragio
1506 364 1573 390 au·

287 415 429 462 disset,
474 412 629 463 ejusque
665 412 785 451 cladis
823 421 932 451 notas
968 413 1017 452 ad
1052 413 1259 454 Laconiam
1294 412 1411 464 usque
1433 414 1572 453 fluctus

283 475 544 530 pertulissent3
574 473 624 515 ne
647 487 737 514 cum
764 483 869 513 tanta
891 474 1002 513 classe
1030 475 1128 514 nihil
1149 484 1304 527 ageret,
1328 476 1478 525 trajecit
1506 476 1572 524 Jo-

281 542 397 580 nium
433 538 612 590 pelagus,
651 540 687 578 ἃ
719 536 881 576 insulam
911 537 1039 586 portui
1068 537 1292 577 Brundisino
1331 538 1570 589 oppositam,

277 600 391 643 Laelii
425 591 547 651 nuper
575 602 610 638 Sc
647 599 807 638 Libonis
847 599 1027 648 exemplo
1061 601 1176 649 cepit.
1211 601 1305 640 Haec
1332 601 1434 639 enim
1463 599 1571 638 statio

283 663 403 704 valde
438 672 518 702 erat
546 669 765 712 opportuna
801 660 849 699 ad
878 658 1164 710 prohibendum
1183 689 1194 708 ‚
1223 674 1272 699 ne
1296 663 1362 711 qui
1388 675 1434 701 ex
1463 661 1574 701 Italia

283 726 427 768 milites
457 734 522 764 aut
553 733 790 762 commeatus
814 724 856 762 in
879 723 1062 762 Graeciam
1086 725 1363 772 trajicerentur.
1395 725 1469 764 Sed
1493 727 1574 774 jam

285 789 479 828 exercitus
507 786 839 834 Triumvirorum,
880 787 967 825 ocio
1004 785 1201 836 legiones,
1240 798 1330 825 cum
1361 785 1497 836 legatis
1529 786 1570 825 C..

283 851 472 892 Norbano
499 862 543 888 ac
570 848 732 888 Decidio
756 849 881 894 Saxa,
908 846 1118 886 transmisso
1145 847 1340 888 Adriatico
1373 849 1414 886 in
1438 846 1572 887 Mace-

284 914 447 954 doniam
479 919 744 963 praeverterat3
775 910 1004 951 Tribusviris
1022 910 1092 949 hos
1112 911 1453 962 praemittentibus,
1478 912 1574 950 dum

285 976 454 1016 Cassium
482 977 518 1015 ἃ
547 975 708 1015 Brutum
741 975 858 1026 Lycio
884 974 1169 1026 Rhodienfique
1205 974 1308 1015 bello
1340 975 1381 1014 in
1411 974 1574 1026 longum

284 1047 442 1088 tempus
464 1037 501 1076 se
523 1045 662 1087 putant
695 1035 936 1086 implicuisse.

340 1098 484 1140 XLIII.
511 1099 586 1138 Sed
608 1106 808 1148 comperto
833 1110 959 1137 rerum
984 1097 1136 1137 istarum
1161 1098 1263 1138 exitu
1279 1129 1290 1147 ‚
1317 1098 1481 1139 Rhodiis
1505 1099 1579 1150 Ly-

287 1161 433 1211 ciisque
460 1159 687 1199 collaudatis
721 1159 878 1210 publico
914 1161 1096 1207 decreto,
1124 1159 1355 1213 promiffisque
1386 1162 1436 1198 ad
1463 1175 1578 1199 eorum

283 1224 518 1276 reparandam
538 1221 724 1275 fhrtunam
746 1222 930 1274 pecuniis,
967 1224 1003 1260 δε
1031 1220 1161 1261 relicto
1187 1222 1235 1260 ad
1264 1222 1477 1272 praesrdium
1508 1235 1579 1261 ur-

285 1287 347 1327 bis
373 1285 518 1336 Lepido
535 1313 546 1332 ‚
570 1283 692 1324 Caesar
722 1286 758 1323 &
783 1285 971 1324 Antonius
997 1286 1180 1335 pecunias
1203 1284 1450 1336 legionesque
1480 1286 1577 1326 divi-

285 1347 442 1394 serunt,
468 1345 583 1397 (quia
607 1347 687 1395 jam
702 1344 799 1383 nihil
819 1346 984 1384 Antonio
1004 1344 1091 1383 satis
1108 1346 1329 1394 videbatur,
1348 1360 1421 1386 nec
1448 1349 1489 1387 in
1513 1361 1581 1399 pa-

286 1411 321 1449 ri
352 1411 434 1458 jure
467 1407 684 1458 portionem
717 1419 863 1456 aequam
902 1406 1075 1445 obtinere
1108 1406 1291 1446 Caesarem
1328 1409 1576 1458 patiebatur)

289 1473 494 1520 statimque
524 1469 685 1520 profecti
721 1467 807 1506 sunt
843 1467 1026 1518 paludati.
1061 1469 1242 1509 Ceterum
1269 1472 1484 1520 Antonius,
1511 1474 1578 1523 qui

287 1531 530 1575 Brundisium
553 1532 669 1578 ierat,
696 1541 786 1568 cum
811 1529 902 1568 inde
919 1529 1173 1569 transmittere
1197 1542 1419 1580 conaretur,
1437 1546 1457 1572 a
1472 1534 1579 1574 mur-

290 1609 339 1635 co
373 1593 585 1645 impeditus
620 1595 656 1632 <Sc
693 1591 890 1640 exclusus,
929 1604 1018 1631 cum
1058 1589 1249 1641 rostratis,
1284 1607 1376 1645 quas
1411 1595 1580 1635 habebat

291 1659 438 1710 oppido
461 1670 625 1708 paucas,
650 1656 747 1696 nihil
769 1657 817 1696 ad
842 1657 1031 1696 summam
1055 1657 1238 1707 profecit;
1260 1671 1493 1710 quamquam
1519 1673 1581 1700 ca-

291 1721 453 1772 tapultis
488 1722 523 1760 Sc
555 1717 770 1767 machinis,
808 1730 921 1768 atque
954 1719 1070 1758 etiam
1106 1719 1271 1759 turribus
1305 1733 1420 1759 naves
1448 1735 1583 1761 onera-

291 1794 364 1824 ret.
396 1783 440 1824 [d
462 1796 584 1821 unum
607 1782 763 1832 egit,ut
783 1780 950 1820 secundo
969 1791 1085 1820 vento
1107 1791 1252 1832 partem
1274 1784 1471 1834 copiarum
1496 1783 1580 1823 sub-

291 1848 386 1888 inde
417 1848 630 1897 imponeret
659 1845 839 1884 onerariis
866 1843 1053 1892 navibus,
1083 1858 1165 1894 quae
1189 1844 1412 1896 plerumque
1448 1859 1583 1898 perve-

289 1910 476 1957 niebant,
499 1907 717 1959 priusquam
742 1920 762 1945 a
792 1905 932 1946 Murco
957 1907 1274 1957 opprimerentur.
1313 1908 1463 1957 Postea,
1491 1911 1581 1958 quia

294 1985 433 2024 parum
465 1971 530 2009 ista
561 1970 769 2021 proderant
797 1969 845 2007 ad
868 1967 1055 2008 summam
1075 2000 1085 2016 ,
1115 1970 1155 2009 C.
1188 1969 1393 2019 Caesarem,
1423 1972 1486 2021 qui
1511 1973 1584 2010 cir-

294 2045 340 2072 ca
374 2031 542 2072 Siciliam
572 2044 662 2070 cum
690 2031 778 2071 Sex.
806 2030 991 2080 Pompejo
1022 2029 1219 2070 navalibus
1249 2031 1388 2070 viribus
1421 2031 1580 2071 dimica-

293 2094 392 2142 bat,
428 2095 476 2133 ad
505 2092 706 2132 ferendam
731 2093 770 2131 in
805 2105 1013 2132 commune
1044 2106 1157 2144 opem
1184 2094 1374 2133 excitavit.
1408 2095 1483 2135 Sed
1513 2095 1585 2133 hu·

294 2158 358 2207 jus
385 2168 537 2206 quoque
566 2154 655 2194 belli
690 2156 825 2205 origo,
860 2156 1042 2206 Sextique
1070 2157 1248 2204 fortuna,
1278 2169 1360 2206 quae
1396 2169 1417 2195 a
1448 2158 1584 2197 ceteris

296 2217 411 2258 rebus
436 2217 597 2268 separari
622 2215 750 2255 utilius
776 2215 872 2265 fuit,
896 2217 1080 2268 deinceps
1103 2218 1332 2269 exponenda
1357 2217 1420 2256 est.

346 2325 368 2370 §
394 2323 499 2357 XLII.
524 2325 669 2369 Appian.
695 2323 776 2356 Dio.
811 2324 832 2368 §
856 2325 975 2360 XLIII.
1003 2327 1093 2361 Ποῖ.
1115 2339 1159 2369 4,
1180 2336 1212 2369 7.
1236 2326 1326 2363 Plut.
1349 2327 1384 2360 in
1399 2327 1528 2360 Aaron.
1551 2337 1584 2362 c·

299 2380 356 2416 27.
380 2369 465 2405 Plin.
482 2380 540 2416 35,
569 2382 597 2406 1.
621 2370 702 2402 Dio.
724 2369 871 2412 Appian.
