1685 3042
295 240 1475 305 84VJO.FRE1NSHEMMSLTPPLEM.

346 351 471 392 XVII.
505 352 581 392 Sed
612 351 652 391 L.
679 348 808 390 Basilo
835 356 1036 399 praeturam
1070 347 1215 399 gerenti
1242 345 1362 386 visum
1392 344 1570 386 intoleraa

289 414 394 465 bile,
415 415 520 466 quod
545 422 682 468 negata
709 413 907 464 provincia
934 412 1136 463 pecuniam
1165 409 1285 450 Caesar
1307 408 1478 448 dedisset.
1501 407 1571 457 igi-

288 485 350 516 tur
374 490 454 516 non
478 476 601 516 ferens
627 475 894 526 ignominiam,
911 473 1061 512 {ibimet
1081 472 1264 511 conscivit
1279 482 1426 509 necem.
1446 468 1540 508 Haec
1558 497 1570 514 ,

283 548 330 578 ut
352 539 392 578 in
411 539 565 578 civitate
589 538 718 577 studiis
736 540 769 577 Se
788 535 957 576 moribus
980 534 1144 574 discordi
1166 532 1359 573 necessum
1384 540 1489 578 erat,
1505 543 1574 569 va-

286 601 342 640 rie
366 600 675 652 accipiebantur;
699 598 931 649 gaudebant,
953 610 1116 647 quorum
1144 596 1226 636 haec
1253 595 1397 634 fiebant
1424 592 1571 633 emolu-

287 672 443 711 ment03
461 663 575 701 ceteri
599 661 867 712 tingebantur,
895 656 1207 707 sermonibusque
1228 656 1413 704 occultis,
1436 657 1471 695 Sc
1488 653 1570 704 qui-

287 723 359 763 bus
382 723 467 774 plus
497 723 664 762 audaciae
697 730 775 760 erat
791 751 801 768 ‚
831 718 970 759 libellis
996 718 1137 766 editis,
1162 726 1384 768 temporum
1411 714 1573 754 infelici-

285 794 408 825 tatem
442 785 708 824 traducebant.
744 784 835 823 Haec
869 782 991 821 ferme
1021 781 1110 819 anni
1135 779 1237 818 illius
1271 780 1373 829 gesta
1394 778 1569 829 reperio:

287 861 365 898 quo
389 847 544 897 quidem
569 846 684 885 aerarii
709 858 839 884 curam
864 857 912 883 ex
932 843 1199 894 praefeetorum
1225 852 1384 880 nurnero
1400 840 1477 880 duo
1494 840 1574 891 ges·

285 909 442 956 serunt,
466 922 487 947 a
508 907 753 958 quaestoribus
783 907 887 958 prius
914 904 1164 944 administrari
1191 903 1354 943 solitam.

342 978 489 1018 XVIII.
521 977 578 1017 Ab
599 990 644 1015 eo
674 976 784 1016 initio
809 977 909 1016 varie
936 976 1065 1015 habita
1089 976 1171 1024 ejus
1193 975 1245 1013 rei
1271 974 1394 1013 forma
1408 973 1479 1021 est3
1503 984 1575 1012 nec

264 1035 417 1090 >postea
447 1048 632 1089 perpetuo
663 1038 845 1077 mandata
872 1037 1140 1088 quaestoribus,
1162 1036 1228 1075 sed
1254 1036 1444 1087 postremo
1480 1047 1574 1085 prae-

263 1103 376 1142 secti
397 1102 481 1141 sunt
510 1102 639 1141 aerario
668 1101 846 1151 praetorii.
887 1100 1099 1149 Quaestores
1123 1107 1252 1140 autem
1275 1111 1322 1137 eo
1346 1111 1447 1137 anno
1475 1097 1569 1136 nulli

287 1165 430 1214 creati,
456 1178 544 1205 cum
569 1164 715 1214 Lepido
746 1163 920 1213 magistro
946 1163 1145 1212 equitum,
1167 1162 1263 1202 sicut
1280 1163 1314 1201 &
1334 1161 1479 1200 faurum
1504 1173 1571 1199 an-

284 1241 336 1267 no
360 1227 551 1277 superiore
580 1225 726 1273 fuerat,
755 1224 941 1275 pmefeffis
969 1225 1109 1263 urbana
1134 1223 1287 1274 negotia
1311 1222 1573 1262 administran-

284 1290 399 1330 tibus.
431 1290 493 1340 qui
523 1287 724 1339 postulati,
752 1288 845 1338 quod
868 1287 1000 1324 liblores
1024 1297 1292 1338 praetextamque
1315 1283 1351 1322 ὃ*
1371 1284 1481 1337 sellas
1506 1298 1573 1322 cu-

281 1352 374 1391 rules
409 1350 625 1403 habuissent,
649 1349 774 1400 legem
807 1347 1071 1399 protulerunt,
1094 1360 1160 1398 per
1177 1359 1292 1397 quam
1321 1360 1436 1385 earum
1461 1361 1569 1385 rerum

276 1414 429 1467 potestas
454 1411 568 1450 fiebat
587 1411 634 1448 iis
649 1441 660 1457 ,
686 1410 744 1461 qui
765 1410 999 1462 magistratum
1019 1409 1166 1460 aliquem
1191 1422 1214 1444 a
1235 1409 1396 1445 diblatore
1418 1407 1569 1459 accepist

276 1474 370 1526 sent.
400 1470 635 1522 Apollinares
659 1469 739 1508 ludi
769 1469 955 1508 sumtibus
982 1467 1135 1508 Caesaris
1159 1466 1250 1506 faeti
1277 1466 1364 1505 sunt
1391 1478 1457 1516 per
1481 1465 1571 1504 alte-

283 1547 369 1572 rum
394 1532 683 1583 praesestorum,
713 1544 807 1581 quos
838 1532 968 1570 aerario
996 1528 1183 1580 praefuiffe
1214 1529 1405 1568 diximus:
1430 1528 1573 1567 Rorna-

286 1608 356 1634 nos
398 1594 528 1633 aediles
561 1594 683 1644 plebis
720 1594 894 1632 fecerunt
926 1604 972 1631 ex
1003 1589 1339 1631 senatusconsulto.
1393 1590 1573 1629 Praeterea

284 1657 390 1708 quod
430 1669 552 1708 neque
588 1658 715 1707 prius,
750 1668 874 1706 neque
911 1654 1038 1705 postea
1073 1653 1216 1692 factum
1245 1652 1451 1702 reperitur,
1474 1664 1573 1690 unus

280 1721 571 1771 praeffflorum,
603 1731 691 1758 cum
718 1718 823 1757 feriis
855 1730 1011 1768 operam
1045 1716 1178 1764 daret,
1204 1715 1324 1754 alium
1357 1714 1423 1754 fibi
1462 1712 1570 1753 suffe-

285 1785 338 1824 cit
358 1785 396 1822 in
423 1786 644 1834 proximum
678 1783 803 1831 diem,
826 1791 941 1832 atque
970 1780 1035 1820 iile
1056 1781 1193 1819 iterum
1220 1778 1353 1818 alium.

343 1852 457 1893 XlX.
499 1852 678 1902 Sequitur
703 1863 824 1890 annus
852 1849 1027 1898 Julianus
1054 1847 1264 1893 secundus,
1292 1846 1467 1896 quintam
1490 1845 1571 1884 Cae-

284 1912 374 1954 saris
413 1914 663 1961 metaturam,
702 1912 958 1962 quintumque
988 1912 1023 1950 δε
1057 1910 1289 1961 postremum
1333 1907 1572 1947 consulatum

285 1975 460 2016 afferens.
494 1976 683 2016 Proximis
709 1974 814 2014 enim
851 1974 1046 2022 comitiis,
1072 1986 1159 2012 cum
1191 1971 1378 2023 promissis
1409 1972 1572 2021 ejus-in-

285 2041 421 2080 duetus
450 2038 651 2079 Dolabella
683 2036 923 2077 consulatum
957 2035 1130 2087 petisset,
1158 2036 1243 2085 quia
1278 2035 1333 2075 M.
1359 2035 1569 2074 Antonium

285 2115 412 2142 creare
439 2101 635 2141 consulem
672 2099 876 2150 cupiebat,
909 2099 972 2149 qui
999 2111 1044 2138 ex
1070 2097 1252 2148 Hispania
1281 2097 1456 2136 redeunti
1488 2096 1571 2135 lon-

287 2163 432 2216 giffime
468 2163 662 2214 profectus
692 2162 872 2210 obviam,
898 2161 1093 2212 pristinum
1120 2159 1388 2199 familiaritatis
1410 2159 1572 2209 gradum

286 2236 596 2278 recuperaverat,
629 2225 748 2265 sciens
783 2238 871 2264 eum
906 2223 979 2263 effe
1003 2221 1211 2263 Dolabellae
1243 2220 1569 2268 inimicisiimum‚

283 2288 404 2328 semet
419 2288 541 2340 ipsum
567 2301 654 2328 cum
675 2287 731 2328 M.
750 2288 919 2327 Antonio
943 2285 1177 2336 designarat:
1195 2282 1434 2323 Dolabellam
1448 2282 1567 2321 osten-

287 2353 380 2391 dens
394 2383 403 2399 ,
418 2350 634 2402 priusquam
656 2351 705 2389 ad
733 2348 879 2388 bellurn
897 2348 1112 2387 Parthicum
1138 2344 1461 2397 proficisceretur,
1480 2356 1572 2383 con·

284 2413 405 2454 sulem
420 2413 492 2452 effe
507 2411 702 2462 jussurum.
722 2410 780 2450 M.
799 2410 988 2460 Lepidum
1001 2407 1213 2449 adsciverat
1232 2406 1451 2459 magistrum
1467 2405 1572 2456 equi-

335 2548 358 2591 §
383 2548 492 2581 xvu.
515 2548 596 2583 Dio.
617 2546 727 2579 Tacit.
757 2545 778 2591 §
804 2545 931 2579 XVIII.
956 2544 1038 2579 Dio.
