1685 3042
290 235 369 282 IN
404 233 575 280 LOC.
627 231 757 276 LIB.
789 230 944 276 CXIX
984 232 1122 279 LIV.
1279 245 1370 295 177

136 340 330 382 XXXIV.
350 340 579 393 Legionibus,
595 350 670 389 quae
692 336 738 373 ab
759 336 918 374 Antonio
943 335 1134 388 defi-ceram
1145 366 1158 384 ,
1173 337 1370 390 promfflm

80 417 107 441 a
125 404 254 455 Caefizre
275 404 482 441 donativum
504 398 640 450 exsolvi
658 397 829 447 placuit3
847 409 981 449 partem
1001 412 1137 446 eorum,
1164 400 1222 450 qui
1233 413 1298 450 pro
1320 399 1366 436 li.

80 466 210 504 bertate
233 467 450 510 occiderant,
471 462 588 499 liberis
615 474 680 498 aut
696 462 903 513 propinquis
924 460 1024 498 dari:
1042 462 1285 513 superstitibus
1308 463 1372 501 hoe

80 530 179 566 noris
206 527 314 578 causa
339 525 504 572 con-cedi,
538 535 577 561 ut
600 523 704 560 ludos
736 523 815 560 oleae
837 523 1025 575 stondzbus
1051 525 1208 559 coronati
1228 527 1374 576 speccia-

78 601 165 628 rent.
201 587 351 629 Caesaris
378 589 475 626 inter
495 585 603 634 haec,
629 585 875 634 militumque
897 587 1003 634 eJus,
1034 583 1140 622 nulla
1162 596 1228 622 aut
1258 597 1374 634 parca

80 651 254 689 mentio:
280 651 452 700 quamvis
482 651 517 687 ὃς
547 649 596 686 ad
631 648 847 698 Lepidum,
867 648 901 685 ἃ
937 645 1147 693 Plancum,
1175 649 1209 685 ἅ
1232 646 1374 685 Pollio-

81 723 173 749 nem
201 711 318 750 literae
343 713 391 751 de
419 710 683 762 persequendo
710 710 880 748 Antoni0
907 709 1175 754 mitterentur,
1202 710 1237 747 &
1272 707 1377 747 sena'-

80 780 143 811 tus
167 787 246 813 non
263 776 369 813 vivos
390 784 539 814 tantum
555 803 567 821 ‚
591 772 656 812 sed
679 772 794 811 etiam
817 780 987 811 mortuos
1007 800 1018 820 ‚
1035 770 1212 810 laudibus
1236 783 1280 810 ac
1307 771 1378 810 ho-

81 837 241 876 noribus
269 837 494 876 cumularet.
527 837 574 876 ln
603 836 738 886 quibus
767 836 803 874 Sc
837 834 971 873 Pontio
1004 833 1146 884 Aquilae
1176 833 1294 872 statua
1324 835 1378 873 est

82 899 231 949 posita,
267 899 545 949 heredibusque
582 898 732 936 reddita
758 899 948 947 pecunia,
977 909 1091 946 quam
1114 895 1179 934 ille
1204 905 1381 936 mutuam

84 960 204 1000 Bruto
234 963 415 1008 dederat,
439 960 523 999 suas
546 969 661 1010 atque
686 960 900 998 amicorum
928 970 1020 1008 opes
1050 959 1148 996 inter
1178 959 1380 1009 publicam

85 1023 259 1073 inopiam
289 1023 436 1062 alendis
462 1022 679 1072 legionibus
699 1020 917 1059 insumenti.

142 1084 312 1124 XXXV.
345 1085 547 1124 Enimvero
576 1082 723 1129 Caesar,
751 1083 833 1121 haec
855 1080 1118 1129 confidemus,
1143 1083 1179 1121 ἃ
1200 1089 1383 1131 praeterea

86 1161 223 1188 omnes
255 1148 342 1187 suos
371 1147 602 1186 adversarios
640 1147 814 1196 potentia
847 1148 882 1184 δε
906 1144 1077 1194 imperiis
1110 1145 1268 1192 auctos,
1297 1145 1384 1185 Sex.

87 1212 277 1262 Pompejo
310 1211 576 1262 praefec‘turam
626 1209 764 1257 maris,
800 1208 916 1247 Bruto
953 1207 1154 1256 Caffioque
1192 1206 1388 1246 Macedo-

88 1274 196 1312 niam
231 1275 267 1312 ἃ
300 1273 447 1324 Syriam
479 1284 568 1309 curn
611 1269 840 1321 amplissima
879 1268 1067 1318 potestate
1101 1268 1234 1316 datas,
1267 1278 1383 1319 atque

86 1335 172 1376 haec
201 1335 331 1374 omnia
358 1347 446 1374 cum
477 1333 600 1374 Pansae
631 1332 755 1371 verbis
793 1342 1025 1381 congruere,
1054 1330 1102 1368 ad
1127 1329 1384 1369 reconcilian-

87 1400 183 1437 dam
207 1409 298 1437 cum
327 1399 495 1437 Antonio
523 1396 684 1447 gratiam
713 1396 885 1433 animum
911 1393 1068 1442 adjecit.
1097 1394 1233 1444 Neque
1253 1395 1384 1432 deerat

87 1460 239 1500 senatus
274 1458 477 1498 obtentum
511 1457 680 1508 praebere
715 1456 905 1507 quidlibet
936 1465 1136 1494 novaturo.
1175 1453 1386 1494 Centurio-

93 1535 162 1562 nes
198 1521 308 1561 missu
343 1520 542 1575 legionum
584 1520 750 1560 Romam
790 1520 937 1557 iverant
959 1547 970 1564 ,
999 1518 1177 1567 petendae
1212 1518 1386 1568 pecuniae

97 1585 235 1634 causa,
270 1598 353 1636 quae
383 1582 562 1635 promissa
597 1591 678 1621 erat
711 1581 935 1620 victoribus.
962 1579 1200 1629 Responsum
1233 1581 1306 1627 est,
1335 1582 1387 1620 le-

90 1662 195 1702 gatos
226 1649 271 1686 ab
295 1647 426 1700 finatu
450 1658 617 1685 venturos
645 1646 695 1682 ad
729 1645 925 1682 exercitam.
962 1641 1219 1692 miseruntque
1244 1643 1384 1692 jussos,

84 1711 245 1763 submoto
274 1710 427 1762 Caesare,
454 1708 584 1745 milites
609 1706 756 1758 alloqui.
790 1718 869 1744 non
893 1706 1121 1755 repugnavit
1143 1704 1290 1744 Caesar:
1317 1705 1386 1745 sed

95 1781 169 1809 nec
199 1768 472 1815 diffimulavit,
492 1767 624 1821 flustra
656 1782 715 1805 eos
739 1766 924 1820 fatigatos
950 1781 1020 1806 non
1050 1767 1220 1804 relaturos
1246 1769 1387 1821 respon-

87 1834 190 1886 sum,
223 1833 424 1884 priusquam
448 1831 519 1883 ipse
553 1830 631 1883 effit
665 1830 858 1867 adhibitus.

149 1890 338 1933 XXXVI.
369 1891 577 1931 Consilium
606 1889 751 1930 senatui
775 1899 877 1936 erat,
903 1887 972 1928 sub
994 1887 1121 1938 specie
1141 1888 1235 1939 pulsi
1265 1891 1385 1930 Anto.

93 1955 148 1995 nii
178 1955 368 1994 abducere
393 1967 413 1992 a
435 1952 602 2002 Caesare,
631 1963 812 2002 tanquam
839 1963 918 1989 non
943 1949 1169 1990 necessarias
1193 1951 1384 2002 amplius,

93 2019 251 2068 copias;
277 2016 413 2067 easque
437 2017 586 2056 tradere
605 2016 746 2062 Bruto,
767 2014 821 2052 ut'
836 2013 957 2053 Caesar
982 2025 1254 2054 exarmaretur.
1280 2028 1384 2065 quae-

95 2082 305 2132 rebantque
327 2082 366 2118 in
387 2082 469 2130 ejus
496 2080 669 2120 exercitu
687 2077 844 2118 serenda
871 2076 1058 2116 discordia
1087 2076 1284 2116 dissociare
1302 2079 1384 2116 ani.

97 2157 207 2193 mos,
229 2146 265 2184 &
294 2143 388 2182 alios
415 2142 618 2182 voluntate
643 2152 687 2179 ac
715 2139 1007 2190 largitionibus,
1040 2139 1206 2189 reliquos
1245 2139 1386 2178 deinde

96 2207 135 2246 vi
157 2207 325 2257 redigere
357 2206 397 2244 in
430 2205 665 2255 potestatem.
705 2202 824 2253 Igitur
852 2201 1000 2242 Martiae
1035 2205 1069 2241 ἃ
1102 2215 1242 2252 quartae
1268 2202 1388 2252 legio-

98 2269 157 2307 nis
186 2267 391 2316 militibus,
409 2281 491 2317 quae
520 2267 674 2305 decreta
702 2275 828 2314 erant,
847 2266 1001 2315 praemia
1030 2264 1236 2314 laudesque
1269 2262 1388 2313 legati

99 2328 336 2370 afferebant:
369 2339 585 2368 ceterorum
617 2326 772 2367 Caesaris
796 2327 963 2368 militum
994 2341 1074 2367 non
1101 2330 1246 2377 maj01,
1271 2339 1388 2377 quam

149 2462 174 2506 ξ
200 2461 360 2494 XXXW.
394 2461 467 2493 Cic.
493 2460 581 2493 Phil.
610 2471 666 2500 ¹4,
694 2471 730 2502 ¹3
747 2486 756 2500 ,
786 2460 819 2493 &
848 2461 942 2494 Brut.
969 2472 1023 2502 ep.
1058 2471 1108 2493 κ.
1136 2458 1218 2492 Dio.
1241 2450 1389 2501 Apfiian.

98 2507 302 2596 ιξὶνῖἱῗῃὲξ.
324 2505 518 2593 ἷρξξίζν.
543 2505 616 2538 Cic.
639 2503 795 2540 familiar.
820 2517 853 2541 ιι
869 2531 880 2549 ,
910 2516 962 2539 ιο.
991 2505 1068 2538 Liv.
1089 2504 1180 2547 Epir.
1201 2503 1283 2537 Dio.
1308 2504 1394 2542 Vela

168 2608 220 2653 T.
248 2608 341 2655 tir.
367 2609 466 2655 Vol.
499 2606 591 2655 XI.
669 2666 676 2671 .
747 2589 750 2591 ’
1146 2599 1195 2645 M
