1685 3042
340 207 401 240 22
453 189 537 239 JO.
561 189 779 242 FREINs,
803 189 955 236 SUPP.
975 189 1041 235 IN
1057 188 1201 235 LOC.
1220 190 1268 234 L,
1286 189 1443 236 CXIII.
1464 188 1579 235 let

344 298 539 347 corrigens
563 328 576 343 ,
610 297 835 347 complexus
871 294 1136 344 osculatusque
1172 303 1337 340 terram,
1374 295 1630 344 exclamavit‚'

346 359 457 396 Teneo
474 371 525 405 te,
547 358 689 412 Aftica.
714 359 778 398 Sic
806 358 976 395 exercitu
1005 357 1052 394 ad
1066 357 1319 395 Adrumeturn
1340 356 1514 405 exposito
1530 386 1541 403 ,
1563 358 1629 406 qui

343 420 387 457 in
415 419 574 470 praesens
607 420 710 460 haud
741 419 903 470 amplius
929 419 1104 469 peditum
1130 418 1301 457 millibus
1335 419 1458 456 tribus
1484 418 1629 457 consta,

344 480 433 528 bat,
462 494 550 520 curn
572 482 763 532 equitibus
789 490 948 520 centum
974 480 1271 530 quinquaginta,
1295 481 1400 518 diem
1427 488 1541 528 atque
1561 492 1631 517 no„

346 545 447 586 (stem
480 543 709 592 consumsit,
734 545 831 582 dum
861 543 900 583 L.
937 542 1067 582 Planci
1089 533 1296 581 confilium
1330 543 1542 591 experitur,
1565 541 1631 591 qui

348 604 397 645 ad
420 604 461 644 C.
476 606 694 645 Considium
718 606 862 655 oppido
878 605 1098 655 praefectum
1123 604 1327 654 scripserat.
1344 605 1416 645 Sed
1431 604 1632 654 postquam

345 665 570 715 responsum
589 679 668 706 non
689 666 918 705 reddebatur
932 697 943 712 ,
960 665 1081 705 Caesar
1094 697 1104 713 ,
1120 674 1263 704 tentare
1282 666 1533 705 Adrumetum
1550 678 1633 710 nori

347 727 458 770 ausus
474 758 485 775 ‚
514 728 701 778 proficisci
728 729 820 767 inde
844 728 985 767 statuit.
1011 727 1076 766 sed
1105 728 1337 774 abeuntem,
1362 739 1564 777 erumpens
1586 738 1634 765 ex

349 789 497 839 oppido
531 789 770 836 multitudo,
803 789 1025 839 insequitur.
1062 790 1165 831 Nam
1202 790 1286 827 duae
1320 787 1489 837 legiones
1527 796 1634 826 erant

348 852 574 899 Adrumed,
606 853 642 891 ἃ
664 852 734 890 tria
763 850 884 889 millia
908 850 1135 890 Maurorum
1167 849 1338 898 equitum
1367 847 1533 887 ducebat
1561 848 1634 890 Cn,

349 914 456 962 Piso,
482 915 547 964 qui
571 923 694 964 partes
718 914 971 963 Pompeianas
997 913 1182 951 acerrimo
1208 911 1415 951 ministerio
1439 910 1608 958 juvabat.

406 979 481 1019 LV.
511 979 559 1019 Et
574 980 712 1017 eodem
729 987 900 1029 tempore
916 978 937 1026 J
943 977 1025 1017 ubae
1046 978 1192 1027 equites
1205 1007 1216 1024 ,
1229 977 1294 1026 qui
1312 975 1409 1016 forte
1431 973 1479 1012 ad
1499 973 1637 1023 stipen-

354 1039 462 1079 dium
479 1041 751 1090 accipiendum
770 1039 989 1085 veniebant,
1006 1040 1145 1087 castra,
1164 1039 1266 1077 unde
1285 1037 1405 1078 Caesar
1421 1047 1500 1077 erat
1517 1035 1637 1087 egres-

351 1102 440 1149 sus,
466 1102 720 1141 moratoribus
746 1103 877 1151 ejectis
903 1101 1073 1150 caesisve,
1102 1110 1316 1152 occupant,
1343 1112 1638 1148 extremumque

352 1178 492 1215 agmen
515 1165 708 1204 consecuti
732 1164 927 1210 lacessunt.
956 1165 1032 1204 Sed
1060 1166 1210 1214 egregia
1241 1163 1437 1204 Gallorum
1463 1163 1637 1212 equitum

353 1227 494 1268 virtute
515 1226 648 1277 repulsi
667 1226 776 1273 sunt,
793 1239 957 1276 quorum
976 1234 1058 1271 tum
1083 1227 1196 1265 minus
1221 1226 1387 1277 triginta,
1413 1225 1544 1263 circiter
1567 1225 1638 1261 duo

353 1293 563 1331 Maurorum
591 1290 705 1328 millia
732 1289 868 1341 saepius
890 1287 1042 1340 repullffk
1068 1287 1257 1326 dicuntur.
1294 1288 1395 1326 Nam
1421 1285 1502 1334 illi,
1535 1286 1636 1326 intra

353 1353 595 1392 munimenta
617 1350 987 1400 compulfi,rursum
1002 1349 1231 1389 abeuntibus
1257 1349 1467 1389 instabant:
1488 1349 1638 1397 donee,

353 1428 435 1455 non
461 1413 670 1452 intermisso
705 1413 840 1452 itinere
867 1412 1017 1462 longius
1045 1409 1192 1455 avulsos
1228 1411 1401 1452 infestare
1433 1424 1512 1449 non
1542 1409 1640 1449 ulte-

355 1478 435 1516 rius
463 1476 559 1522 auli,
579 1475 810 1526 destiterunt.
840 1475 902 1514 Sic
928 1475 1058 1513 animo
1083 1474 1317 1524 consilioque
1342 1473 1480 1515 summi
1508 1473 1638 1520 ducis,

356 1538 571 1578 maximum
601 1536 806 1582 discrimen
831 1537 994 1575 minimo
1019 1536 1248 1575 detrimento
1267 1533 1468 1584 depulsum
1493 1534 1557 1573 est.

414 1600 508 1641 LVI..
549 1599 708 1642 Interim
739 1610 760 1637 e
795 1597 1016 1648 propinquis
1054 1597 1211 1647 oppidis
1242 1595 1359 1646 legati
1380 1603 1563 1634 venerunt
1590 1594 1641 1636 ad

359 1662 568 1709 Caesarem,
600 1661 835 1703 frumentum
852 1689 863 1707 ‚
893 1662 928 1699 &
953 1659 1143 1710 quidquid
1170 1659 1400 1708 imperatum
1427 1657 1537 1705 esset,
1558 1655 1643 1706 pol-

359 1724 531 1764 licentes,
557 1724 614 1770 Ita
635 1722 843 1773 Ruspinam
869 1721 1084 1772 processum
1110 1721 1185 1760 est:
1211 1720 1312 1773 quod
1340 1719 1527 1771 oppidum
1552 1731 1642 1769 ape-

358 1788 434 1826 ruit
459 1794 599 1836 portas.
626 1784 754 1833 ibique
779 1783 894 1822 castra
917 1782 1039 1824 Caesar
1068 1782 1194 1832 posuit
1224 1781 1404 1823 Kalendis
1431 1781 1641 1828 januariis,

359 1848 496 1899 quibus
525 1846 603 1897 ipse
627 1846 854 1885 dictaturam
881 1844 989 1885 simul
1013 1853 1126 1894 atque
1148 1841 1413 1888 consulatum,
1436 1850 1642 1890 utrumque-

361 1910 547 1951 honorem
570 1909 724 1949 tertium
758 1909 867 1955 iniit,
894 1907 950 1947 M.
978 1905 1134 1948 AEmilio
1161 1904 1313 1955 Lepido
1339 1903 1511 1953 magistro
1539 1904 1645 1953 equi-

359 1983 467 2020 tum7
491 1974 525 2011 Sc
551 1971 768 2010 consulatus
793 1969 952 2019 collega.
978 1970 1065 2010 Hoc
1096 1969 1129 2009 ei
1151 1966 1350 2018 praemium
1379 1965 1509 2004 deberi
1539 1974 1645 2015 puta-

359 2035 448 2082 bat,
475 2047 495 2072 a
520 2047 593 2084 quo
625 2034 789 2083 primum
828 2032 990 2071 dictator
1027 2040 1106 2070 erat
1145 2030 1268 2069 dicius
1301 2042 1309 2067 :
1347 2040 1578 2078 quamquam
1609 2028 1645 2066 δε

360 2099 597 2148 triumphum
614 2097 647 2135 ei
671 2097 910 2143 decreverat,
936 2095 1037 2134 nulla
1064 2108 1103 2134 re
1125 2095 1249 2145 gesta,
1280 2102 1528 2145 praeterquam
1544 2090 1647 2137 Lon-

364 2162 443 2211 gini
482 2163 517 2199 &
546 2159 719 2216 Marcelli
756 2159 975 2210 compositis
1008 2158 1222 2197 discordiis.
1257 2169 1380 2206 neque
1417 2152 1643 2194 translatum

362 2225 414 2264 est
430 2225 467 2262 in
490 2237 535 2262 eo
558 2222 759 2273 triumpho
784 2223 993 2272 quidquam
1008 2253 1020 2268 ,
1042 2221 1108 2260 nisi
1134 2231 1250 2289 raptae
1268 2232 1317 2258 ex
1334 2219 1442 2257 sociis
1456 2218 1640 2268 pecuniae„

361 2286 457 2326 Haec
480 2298 526 2324 eo
542 2298 643 2323 anno
669 2285 768 2335 gesta
794 2283 903 2323 sunt:
922 2286 957 2322 δε
985 2295 1073 2320 cum
1099 2283 1189 2320 novi
1214 2281 1450 2331 magistratus
1476 2278 1642 2329 imment,

361 2345 472 2395 lupus
497 2347 535 2383 in
561 2346 655 2384 urbe
676 2345 794 2393 visus,
820 2348 855 2386 Sc
876 2344 998 2383 scrofa
1023 2345 1186 2392 foetum‚
1204 2353 1455 2409 praeterquam
1480 2339 1642 2391 pedibus

361 2406 572 2457 elephanto
602 2407 861 2454 simillimum,
888 2406 1023 2445 edidit

405 2503 426 2545 ξ
456 2502 542 2534 L.1V
567 2504 706 2536 Sueton
730 2503 763 2534 in
790 2501 874 2534 Caes
904 2513 933 2534 c.
957 2510 1007 2540 59.
1029 2500 1108 2533 Dio.
1129 2501 1246 2532 Front.
1268 2500 1372 2531 Strat.
1398 2509 1433 2537 1,
1460 2508 1496 2529 12
1502 2495 1629 2534 Plus.

359 2547 496 2589 Αιιὲὶοῐ.
523 2548 615 2585 del}
636 2546 1056 2594 Afric.§14VI.Dro.dos
1076 2547 1104 2585 Ι.
1133 2556 1185 2580 ιι.
1213 2543 1314 2581 Oroi.
1337 2549 1379 2585 o
1400 2548 1450 2577 16.
1470 2520 1553 2577 Dio
