1685 3042
296 215 531 281 13210.
563 210 1102 259 FREINSHEMH
1137 212 1515 259 SUPPLEM.

286 320 431 363 cedonia
455 320 640 358 exercitum
655 351 668 369 ‚
692 320 753 373 qui
775 320 810 359 δ’
830 319 936 372 ipsius
970 317 1117 372 Caesaris
1140 317 1366 370 destinatione
1384 318 1487 370 prius
1507 317 1576 356 Ge·

289 387 368 432 tis,
388 399 491 438 quam
518 383 668 422 Parthis
695 384 890 422 coercendis
914 393 1138 434 comparatus
1166 380 1253 433 efflet.
1280 392 1444 433 praeterea
1470 380 1577 420 nihil.

285 450 372 487 dum
394 462 440 486 ex
455 445 600 485 Parthis
632 445 751 497 hostile
774 444 947 484 nuntiari.
975 446 1160 491 Senatus,
1186 444 1389 482 mittendum
1408 443 1510 496 prius
1530 443 1578 480 ad

287 523 344 551 res
368 507 597 552 Macedonia
615 507 855 560 inspiciendas
879 507 1038 560 legatos,
1066 505 1225 546 censuit.
1253 518 1326 546 nec
1356 505 1576 556 exspectato

284 586 420 614 eorum
447 571 595 619 reditu,
623 569 832 609 exereitum
855 570 1024 609 Antonio
1053 570 1321 617 decreverunt,
1347 568 1468 608 multa
1492 577 1577 606 tum

284 636 472 687 temporis
503 632 650 674 senatui
681 640 785 683 grata
809 631 979 671 facienti.
1004 640 1119 681 atque
1145 631 1211 670 ille
1230 644 1320 671 cum
1345 630 1478 672 amicis
1500 630 1578 670 Do-

285 699 436 741 labellae
453 700 584 749 pactus
607 695 678 743 est,
698 708 737 733 ut
756 710 860 733 unam
874 696 904 733 ei
920 689 1086 747 legionem
1099 696 1268 742 mitteret,
1280 708 1409 734 ceteras
1429 694 1578 750 quinque

285 763 450 801 retineret.
491 758 574 799 Post
610 755 691 795 haec
727 755 860 794 reveri]
889 768 937 795 ex
961 754 1220 803 Macedonia,
1242 756 1362 794 nullos
1395 756 1445 793 ibi
1468 754 1576 807 ftff'

283 826 423 872 Getas,
444 821 678 868 retulerunt,
703 819 856 869 adjedio
883 828 1015 858 tamen
1029 848 1040 866 ‚
1063 818 1106 857 in
1128 818 1308 867 Antonii,
1335 826 1377 857 ut
1395 827 1573 869 putatur,

283 891 445 945 gratiam
468 918 479 936 ‚
502 885 690 940 periculum
714 884 801 938 effe,
827 898 868 922 ne
897 885 1033 923 irruant
1049 913 1060 931 ‚
1076 884 1115 935 fi
1137 898 1183 922 ex
1213 884 1437 923 Macedonia
1465 883 1570 937 legio-

283 968 346 992 nes
366 953 590 990 deducantur.

337 1013 465 1054 XXV.
496 1011 596 1050 Cum
627 1007 711 1049 haec
737 1005 982 1056 obtinuiffet‚
1009 1005 1180 1047 colorem
1205 1005 1426 1058 reportandi
1446 1006 1486 1045 in
1501 1005 1575 1046 Ita-

281 1074 375 1119 liam
401 1074 590 1114 exercitus
610 1084 801 1122 quaeren8‚
828 1083 919 1110 cum
945 1083 978 1109 a.
1007 1069 1045 1109 d.
1067 1069 1151 1111 Kal.
1171 1069 1261 1118 Jun.
1285 1068 1436 1108 senatus
1459 1067 1575 1109 habe-

282 1149 412 1188 retur,
433 1135 621 1191 permutari
649 1135 856 1190 provincias
883 1133 1016 1186 petiit,
1045 1146 1084 1172 ut
1096 1133 1166 1185 fibi
1194 1131 1345 1179 Gallia,
1374 1133 1429 1170 D.
1461 1133 1575 1171 Bruto
1610 1153 1613 1155 -

273 1201 504 1244 Macedonia
525 1200 763 1237 decerneretur.
801 1198 850 1237 At
872 1209 962 1236 vero
983 1195 1155 1244 serratus,
1177 1193 1372 1234 intellecto
1407 1192 1576 1233 consulis

279 1264 546 1309 vaframento,
574 1259 705 1299 induci
730 1272 809 1298 non
841 1259 992 1310 potuit:
1036 1259 1194 1309 quidam
1223 1259 1340 1297 etiam
1370 1270 1416 1297 ex
1444 1270 1491 1296 eo
1513 1270 1575 1296 or-

283 1328 373 1367 dine
395 1323 573 1377 privatim
599 1321 828 1373 scripserunt
853 1322 900 1361 ad
926 1322 1109 1369 Brutum,
1139 1320 1362 1368 hortantes,
1385 1335 1427 1358 ne
1455 1322 1575 1360 Anto-

279 1391 340 1429 nio
362 1391 500 1430 cederet.
541 1386 662 1437 Igitur
685 1385 895 1433 Antonius,
915 1384 1068 1424 Caesaris
1092 1383 1296 1435 exemplo,
1318 1382 1495 1434 confugit
1519 1383 1568 1422 ad

277 1450 467 1503 populum
480 1480 492 1498 ,
507 1448 662 1498 ejusque
677 1445 772 1485 scito
793 1446 1032 1497 provinciam
1059 1445 1222 1486 Galliam
1244 1444 1434 1492 obtinuit,
1453 1444 1570 1484 Oc'ta-

276 1515 378 1555 viani
400 1514 591 1565 praecipue
611 1510 729 1562 gratia
759 1511 938 1559 adjutu8‚
966 1521 1056 1548 cum
1085 1507 1302 1559 legionibus
1320 1537 1331 1555 ‚
1356 1520 1438 1557 quae
1466 1516 1573 1545 erant

277 1577 522 1629 Apolloniam
540 1572 755 1625 praemiffae:
775 1574 809 1612 8(
827 1572 941 1611 frater
955 1571 1108 1610 Antonii
1125 1570 1243 1619 cajus
1256 1568 1542 1609 Macedoniam.

332 1638 482 1680 XXVI.
511 1636 622 1678 Unde
653 1634 876 1674 adolescens
906 1632 971 1672 ille
1003 1631 1139 1672 clarior
1174 1632 1213 1670 in
1252 1632 1360 1679 dies,
1389 1630 1570 1682 plebique

279 1697 523 1742 &militibus
556 1697 722 1748 gratior,
750 1707 887 1746 magna
915 1693 1055 1733 horum
1092 1690 1307 1743 frequentia
1332 1691 1567 1742 stipabatur,

278 1764 395 1803 etiam
429 1761 593 1812 pecunia
627 1758 694 1798 fibi
728 1758 898 1797 favorem
929 1755 1152 1795 concilians
1193 1768 1264 1794 nec
1300 1754 1569 1803 dubitabatur,

278 1833 464 1865 novarum
482 1836 607 1862 rerum
634 1822 717 1861 haec
743 1819 817 1860 effe
839 1819 1074 1870 primordia,
1101 1830 1172 1857 nec
1202 1817 1299 1856 ultra
1326 1816 1467 1857 differri
1493 1826 1572 1855 tur-

279 1889 367 1938 bas,
399 1886 606 1938 praesertim
637 1884 725 1935 quia
758 1883 815 1924 Μ.
848 1883 1057 1929 Antonius,
1089 1881 1323 1919 incrementa
1351 1880 1433 1928 ejus
1458 1891 1573 1930 aeger-

280 1953 376 1992 rime
405 1951 559 1998 ferens,
585 1949 634 1988 ad
665 1947 702 1987 se
740 1945 936 1986 volentem
965 1943 1150 1994 colloquii
1189 1941 1300 1982 causa
1332 1942 1371 1981 in
1404 1941 1571 1981 tribunal

280 2012 505 2059 ascendere,
528 2009 856 2062 quemadmodum
881 2008 1034 2055 facere,
1064 2005 1206 2046 Caesare
1229 2017 1354 2044 rerum
1379 2004 1551 2055 potiente
1566 2033 1576 2049 .

280 2085 359 2117 erat
383 2074 515 2114 solitus
530 2104 542 2121 ‚
567 2072 758 2123 repulerat
784 2084 851 2121 per
874 2069 1026 2110 mores
1042 2099 1053 2116 ,
1077 2068 1278 2120 detrahique
1303 2082 1348 2105 ex
1375 2067 1449 2105 loco
1468 2068 1571 2119 stape-

278 2139 364 2179 rz'ore
390 2134 555 2186 jusserat.
582 2135 684 2173 Hinc
711 2130 908 2171 immensae
942 2128 1201 2169 multitudinis
1230 2128 1312 2167 irae:
1345 2140 1415 2166 nec
1442 2127 1599 2165 deerat‘

281 2200 516 2242 Octavianus
537 2198 747 2238 accendere
769 2197 880 2244 odia,
902 2195 1031 2234 forum
1064 2194 1212 2242 vitans,
1242 2191 1305 2231 sed
1334 2205 1400 2242 per
1429 2200 1571 2230 ceteras

281 2264 512 2304 celebriores
541 2270 665 2313 partes
697 2260 801 2299 urbis
832 2260 872 2298 in
898 2257 1044 2298 excelsa
1079 2256 1166 2296 loca
1193 2254 1388 2302 insiliens,
1417 2244 1458 2294 in
1486 2267 1569 2293 mo-

284 2339 365 2366 rem
394 2323 657 2364 concionantis
690 2321 900 2362 Antonium
924 2319 1138 2358 accusabat.

340 2386 506 2430 XXVII.
534 2385 695 2436 Jamque
718 2383 784 2423 ille
813 2385 848 2423 ἃ
873 2395 894 2422 a
918 2382 1081 2422 tribunis
1108 2377 1470 2428 centurionibusque
1494 2376 1570 2416 suis

231 2523 233 2525 ¹
331 2511 351 2547 Ε
376 2510 484 2542 XXV.
504 2509 574 2542 Cic.
595 2508 681 2543 Phil.
709 2518 721 2540 r
739 2534 748 2547 ,
767 2517 786 2538 2
805 2506 837 2539 ἃ
863 2517 897 2540 ιι
918 2533 927 2546 ,
953 2516 993 2548 2,
1016 2504 1051 2539 δε
1066 2505 1106 2539 ad
1121 2504 1228 2538 Attic.
1247 2513 1307 2545 14,
1328 2501 1379 2537 16.
1396 2500 1521 2546 Vellej.
1537 2509 1569 2542 2,

283 2555 340 2590 60.
362 2556 508 2601 Appian.
533 2559 552 2600 5·
577 2554 702 2589 XXVI.
727 2553 871 2597 Appian.
898 2550 983 2588 Dio.
