1685 3042
305 187 398 234 334
464 171 563 218 JO.
597 170 1111 219 FREINSHEMII
1145 172 1490 225 SUPPLEM4

303 276 404 316 odiis
430 275 649 324 satisfieret,
686 275 919 327 supplicium
948 277 1208 328 pertulerunt,
1239 293 1318 320 uno
1347 289 1508 332 excepto
1537 281 1580 324 L.

300 339 484 388 AEmilio,
520 339 626 390 quod
668 339 789 387 judex
831 339 990 388 Romae,
1034 354 1123 380 cum
1162 342 1394 393 percussores
1431 343 1585 384 Caesaris

298 401 604 453 postularentur,
633 411 756 440 atrum
787 401 981 443 calculum
1020 403 1150 455 palam
1180 404 1340 454 tulerat,
1366 407 1586 457 ceterosque

299 463 428 502 fuerat
452 463 500 503 ad
533 463 876 502 condemnandum
907 477 991 505 reos
1021 465 1259 511 cohortatus.
1292 467 1493 516 Oppidum
1519 462 1587 506 dia

299 525 521 576 ripiendum
551 525 642 565 dare
676 525 789 564 militi
818 525 993 566 voluerat
1013 528 1160 577 Caesar3
1181 529 1246 568 sed
1281 530 1457 580 princeps
1493 529 1587 568 civi-

297 587 391 627 tatis
409 586 582 633 Cestius,
607 587 670 637 qui
699 589 839 628 mentis
866 587 973 628 haud
1005 591 1166 629 omnino
1191 591 1287 630 sanae
1315 592 1587 631 Macedonicum

297 648 339 688 se
363 647 602 698 appellabat,
639 648 744 696 quod
768 647 861 687 olim
893 662 937 689 ea
965 650 1004 688 in
1030 651 1232 700 provincia
1263 651 1479 700 militasset,
1501 650 1588 691 sub-

295 711 394 761 jecit
419 710 548 759 ignem
579 709 724 748 aedibus
750 709 847 756 suis,
871 710 986 762 seque
1011 712 1235 752 transfixum
1261 712 1388 763 gladio
1413 713 1453 751 in
1476 714 1588 753 flam-

296 786 406 814 :mam
424 771 567 811 intulit.
600 781 684 810 tum
707 780 908 811 ventorum
927 773 961 811 vi
990 773 1152 814 dilatum
1176 777 1405 815 incendium
1427 788 1587 816 omnem

295 835 488 876 Perusiam
527 833 669 881 hausit,
705 842 864 883 excepta
902 842 1049 874 tantum
1084 837 1165 876 aede
1201 837 1376 877 Vulcani.
1423 837 1588 887 Junonis

297 896 477 945 signum,
503 904 618 942 quam
659 892 808 932 Etrusci
840 908 914 944 prae
948 899 1083 938 ceteris
1125 900 1349 941 numinibus
1380 900 1590 940 consueve-

296 962 385 993 rant
414 953 564 1001 colere,
595 966 684 992 cum
711 955 897 996 intastum
929 960 1117 1003 manfiffct
1148 962 1302 1011 ignibus
1320 991 1331 1009 ‚
1357 960 1475 1000 Caesar
1509 960 1592 999 Ro-

296 1028 405 1055 mam
437 1015 744 1055 transferendum
772 1020 941 1064 curavit,
975 1020 1126 1061 somn-10
1164 1023 1359 1062 monitus:
1390 1019 1590 1060 conceffit.

298 1090 375 1127 que
390 1076 615 1117 'volentibus
636 1077 843 1116 instaurare
865 1078 1076 1127 oppidum3
1101 1081 1178 1131 agri
1205 1090 1336 1125 tamen
1351 1082 1516 1134 spatium
1531 1081 1589 1122 in·

297 1150 357 1180 tra
384 1140 510 1191 pass'us
535 1139 642 1179 mille
666 1140 874 1179 restrictum
897 1140 961 1179 est.

354 1203 512 1244 XXXI.
543 1203 620 1252 Qui
651 1203 792 1242 deinde
828 1202 895 1243 has
924 1203 1102 1254 reliquias
1135 1202 1402 1249 incoluerunt,
1434 1214 1504 1252 pro
1524 1199 1591 1249 Ju-

299 1276 405 1303 none
442 1263 658 1321 Vulcanum
707 1266 943 1315 adoptarunt
981 1263 1145 1304 tutelare
1186 1278 1342 1305 numen.
1389 1263 1465 1303 Hic
1503 1272 1588 1301 tum

299 1326 424 1366 exitus
458 1325 613 1365 Perufiae
649 1326 748 1373 fuit,
782 1328 916 1367 veteris
958 1328 1086 1376 urbis,
1126 1329 1200 1368 five
1240 1327 1337 1378 Lydi
1370 1339 1456 1365 eam
1495 1323 1588 1364 novi

297 1394 387 1425 tum
415 1384 544 1424 adhuc
572 1384 689 1425 Italiae
712 1386 920 1436 inquilini,
948 1387 1046 1436 five,
1072 1396 1116 1426 ut
1140 1388 1191 1426 est
1219 1388 1380 1426 relatum
1407 1387 1454 1424 ab
1487 1384 1586 1433 aliis,

299 1448 434 1490 Achaei
466 1448 737 1489 condiderunt.
771 1450 950 1489 Proxima
976 1452 1116 1490 deinde
1151 1451 1214 1490 die
1243 1448 1385 1497 Caesar,
1419 1448 1482 1500 qui
1507 1449 1588 1496 jam

297 1510 576 1550 reconciliatus
615 1519 693 1549 erat
724 1512 910 1559 Antonio,
948 1512 1083 1551 ceteris
1119 1513 1233 1550 etiam
1265 1511 1446 1550 omnibus
1478 1509 1591 1560 igno-

300 1573 370 1613 vit.
393 1573 477 1612 Nec
502 1572 592 1612 ideo
621 1573 747 1612 minus
772 1573 953 1612 trucidati
970 1573 1054 1612 sunt
1081 1571 1235 1623 plurimi
1260 1571 1411 1611 nobiles
1435 1573 1591 1620 &egre-

300 1634 356 1684 gii
383 1633 479 1679 viri,
505 1645 594 1672 cum
622 1633 798 1673 excusare
821 1633 858 1673 se
883 1634 1110 1674 conantibus
1137 1647 1211 1673 una
1232 1646 1328 1672 voce
1345 1632 1590 1682 responderet

305 1695 450 1743 Caesar,
473 1698 682 1734 moriendum
709 1697 781 1748 effi.
809 1698 872 1737 Sic
909 1699 945 1736 S:
979 1698 1037 1738 Ti.
1069 1697 1261 1737 Canucius
1278 1726 1289 1744 ,
1314 1697 1383 1746 qui
1411 1694 1587 1734 tribunus

303 1758 432 1810 plebis
471 1758 622 1797 causam
665 1758 817 1799 Caesaris
859 1758 1069 1809 plurimum
1110 1759 1326 1808 adjuverat,
1363 1759 1399 1797 ὁὶ
1435 1754 1587 1796 Flavius

307 1821 490 1872 quidam,
525 1823 562 1862 δι
595 1820 754 1860 Clodius
796 1821 1018 1873 Bithynicus
1057 1822 1276 1872 perierunt3
1311 1822 1347 1860 ἃ
1384 1818 1448 1858 alii
1477 1827 1589 1858 tanto

304 1895 488 1930 numero,
515 1893 559 1922 ut
585 1895 777 1931 trecentos,
808 1896 871 1921 aut
903 1885 1008 1921 etiam
1036 1884 1305 1936 quadringentos
1329 1880 1501 1933 utriusque
1535 1895 1591 1918 or.

306 1946 429 1993 dinis,
449 1946 592 1984 deleaelos
613 1959 630 1983 e
652 1945 849 1991 dedititiis,
873 1946 997 1984 Idibus
1022 1945 1198 1992 Martiis,
1220 1946 1270 1982 ad
1291 1957 1385 1982 aram
1411 1943 1466 1981 D.
1490 1941 1589 1981 Iulio

305 2010 508 2062 exstruc‘lam
531 2022 620 2046 more
653 2008 868 2046 waimarum
900 2009 1095 2046 immolatos
1123 2008 1255 2046 ferant.
1297 2005 1417 2046 Caesar
1448 2007 1497 2043 ad
1518 2006 1588 2044 lzaec

304 2071 386 2123 cogi
410 2070 455 2108 ab
486 2066 637 2108 exercitu
668 2069 906 2120 querebatur.
935 2083 1006 2110 nec
1041 2071 1129 2109 ideo
1161 2067 1360 2120 persuasit:
1390 2069 1482 2118 quin
1505 2067 1590 2107 fue-

308 2140 422 2180 runt,
448 2131 513 2182 qui
545 2131 764 2180 traderent,
789 2133 833 2172 ab
854 2133 929 2185 1⁸pr
960 2134 1024 2171 hoc
1048 2133 1236 2183 conflatum
1259 2131 1382 2170 bellum
1414 2130 1475 2182 ‘ffi
1504 2131 1590 2169 data

308 2209 433 2247 opera,
461 2206 500 2232 ut
534 2195 648 2232 aemuli
682 2207 783 2247 atque
815 2196 949 2235 inimici
986 2196 1156 2243 latentes,
1188 2195 1288 2246 copia
1318 2195 1416 2232 ducis
1441 2195 1478 2246 se
1505 2191 1590 2245 off}-

308 2267 420 2301 iente,
448 2255 622 2293 nudarent
646 2256 805 2304 animos,
836 2257 992 2309 vincique
1015 2257 1049 2295 6·
1069 2255 1306 2310 fitcultqtibus
1333 2255 1416 2295 cxui
1432 2253 1589 2308 postem,

307 2317 402 2355 unde
429 2315 590 2369 promtffiz
614 2319 787 2356 veteranis
818 2319 959 2371 praemia
985 2319 1240 2369 conficerentur.

359 2435 384 2480 §
407 2434 514 2468 XXX.
541 2435 663 2476 Vellei.
685 2448 700 2468 2
720 2462 728 2476 ,
747 2447 804 2477 74.
829 2438 911 2472 Dio.
936 2439 1082 2482 Appian.
1113 2439 1134 2483 5
1154 2439 1276 2473 XXXI.
1303 2439 1449 2483 Appian.
1473 2439 1591 2477 Justiu.

315 2489 383 2522 ευ,
407 2491 440 2517 ι.
464 2479 540 2516 Liv.
566 2482 661 2527 Epit.
683 2483 827 2527 Sueten.
855 2484 890 2519 in
915 2484 1001 2530 Aug.
1024 2495 1054 2522 c.
1079 2495 1135 2529 15.
1156 2486 1238 2524 Dio.
1258 2485 1376 2522 Senec.
1393 2486 1433 2520 de
1448 2487 1546 2522 clem.

1671 2025 1675 2059 5
