1685 3042
263 206 347 255 IN
382 199 731 253 LOC.LIB.
765 197 918 247 CXIV
960 196 1111 246 LIV,
1262 209 1316 260 35

44 313 156 365 ajunt
185 321 273 353 ante
301 313 398 363 regis
419 311 626 350 adventum
651 316 841 356 purpureo
866 301 995 353 sagulo
1018 302 1147 350 usum,
1175 308 1259 341 tum
1274 301 1326 341 ad

47 378 177 416 album
200 376 372 415 vestitum
393 372 429 412 se
455 368 678 415 contuliffe,
699 367 804 417 quod
825 365 925 414 juba
947 363 1131 414 negasset,
1148 369 1258 404 eodem
1284 365 1328 403 ile

47 440 119 479 lum
137 441 229 479 cultu
249 438 308 490 effi
337 448 507 489 oportere,
522 448 587 486 quo
615 431 682 484 ipse
711 441 862 468 uteretur.
898 429 945 466 At
974 426 1036 464 hic
1067 438 1156 464 cum
1185 424 1328 465 Caesare

47 499 278 545 dimicabat,
297 497 362 537 ,cui
382 495 405 533 fi
426 494 693 542 obtemperare
719 488 855 536 vellet,
879 488 1018 538 primas
1045 485 1129 536 post
1153 484 1264 524 illum
1288 488 1332 524 in

48 562 143 602 urbe
168 570 321 606 tenere,
342 556 543 606 multisque
566 553 666 602 Juba
689 550 969 602 potentioribus
986 549 1172 598 imperare
1197 548 1332 597 polset„

47 623 231 663 Postridie
247 621 325 660 duo
342 620 533 658 exercitus
556 615 690 653 armati
712 612 954 661 instructique
973 624 994 649 a
1017 622 1129 649 mane
1145 608 1262 659 usque
1284 608 1335 647 ad

49 684 186 723 horam
217 683 408 722 decimam
424 711 436 729 ‚
463 675 663 718 intervallo
689 675 840 714 circiter
865 673 1039 724 paffuum
1072 682 1337 710 trecentorum

49 746 207 786 stetere:
231 757 304 785 nec
325 751 467 783 'tamen
493 739 689 780 commissa
717 740 768 777 est
797 751 936 788 pugna.
962 738 1234 776 tantummodo
1253 735 1339 775 leve

48 807 229 859 proelium
257 806 426 856 equestre
454 804 626 849 factum,
656 801 815 841 minime
838 801 998 850 dignum
1027 800 1222 838 memoria.

107 869 244 909 XXX.
276 869 454 908 Ceterum
480 876 545 916 pet
570 877 635 903 eos
658 863 737 902 dies
762 861 856 900 mari
880 861 980 911 gesta
1008 873 1065 899 res
1093 860 1165 906 est,
1187 873 1275 899 curn
1297 859 1337 900 P.

52 930 173 970 Varus
203 930 251 968 de
287 928 448 967 navibus
483 928 535 976 Q.
562 924 703 975 Aquilae
731 923 780 962 ad
810 922 966 972 Leptim
995 920 1177 972 quasdam
1205 931 1343 958 onera-

54 991 125 1027 rias
147 988 391 1029 incendisset,
420 988 629 1036 vacuasque
658 984 923 1025 defensoribus
955 984 1246 1034 quinqueremes
1272 981 1343 1025 ab·-¹

55 1042 240 1084 straxiffet
260 1042 366 1081 duas.
395 1043 482 1080 Hoc
504 1047 570 1079 ubi
590 1047 720 1085 Caesari
745 1045 997 1085 circumeunti
1023 1057 1136 1088 onera
1155 1042 1217 1080 sua
1241 1051 1343 1077 nun·

53 1107 192 1146 tiatum
209 1104 284 1153 est,
309 1105 485 1154 protinus
514 1115 630 1153 eques
655 1102 855 1139 contendit
878 1101 1031 1151 Leptim
1048 1131 1058 1148 ,
1077 1103 1111 1140 ἃ
1126 1102 1314 1142 instructis
1330 1131 1344 1151 ,

59 1180 142 1220 quae
171 1167 349 1212 aderant,
366 1164 554 1211 navibus,
580 1163 720 1200 Varum
749 1161 941 1200 celeritate
966 1169 1071 1200 tanta
1098 1164 1345 1211 perterritum

57 1231 137 1280 egit
156 1230 198 1268 in
218 1228 351 1278 fugam
366 1257 377 1274 ‚
401 1227 715 1276 quinqueremem
739 1236 857 1262 unam
882 1223 1050 1273 recepit,
1071 1225 1262 1263 triremem
1287 1239 1345 1264 re..

57 1299 296 1340 pugnantem
326 1287 441 1338 cepit.
471 1285 651 1336 postridie
679 1284 871 1334 profectus
903 1284 1179 1332 Adrumetum,
1207 1299 1283 1336 quo
1305 1286 1347 1327 se

59 1351 178 1391 Varus
202 1347 442 1395 contulerat,
463 1358 604 1394 naves,
628 1354 818 1395 quotquot
843 1354 951 1383 extra
977 1344 1199 1384 Cothonem
1222 1356 1348 1395 erant,

61 1418 127 1450 aut
166 1409 366 1453 incendit,
396 1414 462 1445 aut
487 1404 698 1444 subduxit:
726 1407 760 1444 δι
792 1417 882 1444 cum
912 1404 1022 1444 claffe
1051 1405 1232 1445 dimicare
1265 1421 1346 1447 non

62 1471 248 1510 auderent
285 1469 435 1516 hostes,
461 1468 502 1506 in
537 1467 653 1506 castra
685 1466 748 1505 sua
776 1467 901 1506 rediit.
934 1466 963 1506 E
991 1467 1149 1517 captivis
1180 1468 1347 1509 interfici

61 1545 183 1572 unum
196 1530 299 1580 juffit
310 1532 344 1570 P.
358 1530 549 1581 Ligarium
567 1528 816 1568 Afranianum
828 1559 839 1576 ,
853 1529 942 1578 qui,
962 1528 1132 1568 dimissus
1154 1530 1193 1568 in
1211 1530 1347 1581 Hispa..

63 1595 147 1641 nia,
176 1602 308 1633 contra
338 1593 467 1632 datam
490 1591 608 1631 fidem
628 1592 766 1631 iterum
790 1593 841 1631 ad
869 1590 1103 1631 adversarios
1131 1591 1284 1633 Caesaris
1307 1592 1348 1635 se:

63 1666 269 1707 receperat.

119 1717 273 1757 XXXI.
301 1717 434 1756 Paucis
450 1713 534 1767 post
551 1714 686 1755 diebus
711 1728 799 1755 cum
827 1713 948 1755 Caesar
965 1716 1109 1754 circum
1127 1714 1255 1766 villas,
1277 1718 1348 1758 ubi

64 1779 194 1819 rustici
222 1779 349 1828 fruges
381 1778 421 1816 in
450 1777 700 1817 subterraneis
738 1777 926 1828 specubus
964 1778 1240 1827 condiderant,
1269 1779 1351 1818 frua

65 1849 280 1882 mentatum
307 1842 497 1889 mitteret,
516 1841 706 1881 Labienus
731 1841 882 1880 infidias
903 1841 1046 1881 struxit.
1081 1844 1155 1882 Sed
1177 1856 1216 1882 re
1241 1855 1352 1882 com-

67 1913 176 1957 perta
193 1936 205 1952 ‚
223 1903 342 1943 Caesar
367 1904 626 1953 insidiatores,
649 1904 780 1944 occisis
805 1904 925 1943 ferme
945 1905 1159 1955 quingentis
1173 1932 1186 1952 ‚
1208 1905 1352 1953 dejecit

67 1967 181 2016 loco,
206 1968 490 2018 Labienumque
505 1999 516 2016 ,
537 1967 610 2007 suis
632 1981 720 2008 cum
744 1970 916 2018 equitatu
938 1969 1157 2007 venientem
1181 1970 1350 2019 auxilio,

68 2029 266 2081 legionum
299 2030 454 2080 objectu
483 2030 677 2071 deterruit.
718 2031 921 2079 Numidae,
947 2032 1013 2081 qui
1040 2030 1127 2070 loco
1158 2032 1289 2071 amiffo
1311 2035 1354 2073 in

71 2092 190 2131 castra
215 2092 458 2142 refugerant,
487 2093 652 2143 imperio
676 2093 786 2141 Jubae
813 2095 991 2132 crucibus
1027 2094 1127 2133 affixi
1160 2097 1356 2145 pepende-

71 2164 171 2195 runt.
207 2154 406 2205 Fatigabat
432 2166 562 2194 tamen
584 2155 769 2196 Caesarem
799 2158 930 2207 inopia
960 2157 1163 2204 frumenti,
1189 2159 1223 2196 δε
1248 2159 1355 2208 quod

72 2214 246 2258 eamob
279 2217 537 2258 neceffitatem
576 2232 806 2269 quacunque
842 2221 1059 2269 profectum
1093 2221 1281 2269 equitatus
1317 2223 1354 2260 Sc

71 2279 166 2321 levis
192 2290 378 2321 armatura
395 2282 650 2322 Numidarum
676 2282 902 2329 infestabat,
919 2282 1033 2320 velox
1060 2281 1263 2321 hominum
1287 2296 1356 2333 ge-

74 2358 167 2393 nus,
195 2348 229 2385 δε
253 2347 302 2384 ad
328 2346 654 2396 procurrendum,
682 2348 739 2394 ἃ,
757 2345 842 2384 telis
868 2345 1076 2394 conjectis,
1093 2346 1140 2384 ad
1164 2345 1358 2396 refugien-
1403 2384 1412 2393 2

79 2407 171 2447 dum
199 2406 339 2448 habile.
366 2420 489 2458 neque
514 2407 572 2447 his
603 2407 763 2447 resistere
797 2407 947 2448 Caesaris
978 2409 1168 2458 equitatus
1195 2408 1272 2447 fine
1298 2406 1357 2454 Ιιιη4

162 2522 184 2567 §
207 2521 315 2557 XXX.
343 2523 425 2560 Dio.
453 2523 578 2557 Aufilor
602 2523 642 2557 de
666 2522 702 2558 B.
719 2522 825 2559 Afric.
1026 2566 1066 2611 s

1049 2599 1067 2614 <a
1100 2583 1125 2612 2
