1685 3042
193 241 198 248 ·
248 217 331 265 1N
378 215 540 264 Loc.
580 212 720 261 L113.
771 210 978 262 ch1v
1024 215 1170 264 mv.
1268 216 1362 283 289

84 319 394 377 aliquammultos
434 321 575 363 dimisit
617 319 745 368 ultro,
782 321 919 359 civibus
951 326 1048 375 apud
1087 324 1182 362 cives
1212 327 1361 378 constare

74 386 143 439 jus
169 401 298 439 aequum
331 386 537 429 dictitans,
566 383 692 436 hosque
713 381 836 433 potius
852 411 864 430 ,
896 396 970 421 cum
995 384 1033 421 in
1068 386 1186 436 castris
1217 388 1361 438 hostium

82 447 207 499 effera,
234 446 460 499 captivitatis
482 456 583 496 atque
599 442 785 494 servitutis
809 443 1055 494 turpitudinem
1068 446 1270 498 sustinmſjb.
1301 449 1360 487 Ne*

82 506 213 556 plures
244 505 368 557 palam
397 504 610 555 ablegaret,
638 504 781 542 ducum
818 511 930 553 atque
968 503 1136 543 militum
1172 506 1362 546 efficiebat

83 568 252 616 tristitia,
278 567 342 617 qui
374 568 439 605 lzac
464 559 668 619 impunitate
693 566 831 604 animos
856 566 999 618 hostium
1014 595 1027 611 ,
1049 567 1084 604 δ’
1108 567 1211 618 ficum
1231 570 1365 620 pericu-a

83 629 154 667 lum
174 631 291 681 augeri
312 628 577 679 querebantur.

138 691 261 731 XVII.
294 690 416 731 Occifi
441 691 534 740 quin
562 689 678 728 etiam
703 687 790 726 sunt
822 686 938 738 aliqui
966 688 1002 727 P.
1033 687 1156 728 Cascae
1182 688 1362 740 impulsu,

85 752 153 800 qui
165 783 177 799 ,
189 753 366 805 parentari
386 751 492 802 Caffio
510 750 701 804 suppliciis
725 750 866 802 hostium
882 748 1094 799 postulans,
1109 750 1250 789 editam
1266 751 1366 790 forte

83 814 186 852 inter
218 813 309 853 alias
340 813 589 864 cogitationes
614 826 635 852 a
660 812 775 852 Bruto
817 824 982 858 vocem,
1010 813 1095 864 quid
1125 812 1232 865 igitur
1247 816 1286 867 se
1311 829 1368 852 ro-

83 887 228 928 garent,
257 890 361 927 neque
380 876 535 927 facerent
565 876 653 926 ipsi,
678 875 771 925 quod
794 873 997 911 videretur?
1025 885 1092 922 pro
1123 872 1221 921 jussu
1245 875 1368 925 impe.

86 938 221 977 tatoris
256 945 475 988 acceperat;
506 945 613 976 tanto
648 935 829 986 pronius,
857 935 982 984 quod,
1016 935 1053 972 ἱη
1085 934 1227 985 diversts
1249 937 1369 988 castris

79 1000 223 1052 ficorum
243 999 345 1037 etiam
361 998 537 1051 plerosque
561 997 727 1047 imerfici‚
750 996 954 1035 audiverat.
985 995 1148 1044 Ferunt,
1171 1012 1212 1034 ea
1235 1012 1368 1050 quoque

87 1060 201 1107 noble,
224 1073 298 1111 quae
327 1060 483 1111 proell'um
510 1059 703 1109 antecqffit,
722 1061 913 1111 spctatam,
949 1060 1042 1108 quod
1071 1060 1294 1111 transjiciens
1323 1072 1370 1098 ex

90 1121 180 1169 Asia
208 1121 370 1162 viderat,
410 1121 626 1167 obversatum
656 1129 687 1152 ει
720 1114 808 1166 effi,
829 1116 896 1169 fid
924 1118 1025 1155 nulla
1053 1133 1133 1157 voce
1157 1119 1260 1159 edita.
1288 1120 1369 1159 Sub

89 1179 219 1232 proelii
243 1186 394 1229 tempus
421 1177 628 1227 imperator
656 1176 735 1226 ipse
765 1177 971 1227 subtristis,
996 1193 1125 1229 parum
1153 1180 1218 1218 fibi
1241 1179 1372 1230 place-

91 1252 156 1289 re,
179 1254 261 1291 quae
285 1240 441 1286 fierent,
464 1250 561 1278 voce
590 1238 765 1285 testatus,
792 1239 897 1284 Nos,
922 1237 1067 1287 inquit,
1085 1240 1248 1288 fimiliter
1268 1254 1371 1293 atque

89 1302 279 1355 Pompejus
297 1304 459 1354 Alagnus
484 1300 635 1353 gerimus
654 1301 803 1347 bellum,
825 1312 991 1352 parentes
1017 1301 1128 1352 magis
1144 1331 1156 1348 ,
1176 1316 1278 1353 quam
1304 1304 1371 1341 im.

85 1374 271 1416 perantes.-
296 1362 400 1412 quod
433 1364 468 1401 Sc
491 1360 654 1400 Cassium
678 1360 794 1410 paulo
819 1369 906 1399 ante
941 1360 1071 1399 dixisse
1094 1362 1305 1402 retulimus.

147 1422 287 1463 XVIII.
319 1423 418 1461 Inter
447 1421 528 1460 haee
555 1420 740 1460 militibus
757 1451 768 1468 ,
795 1421 889 1460 dum
920 1422 967 1460 ad
1002 1435 1170 1472 pugnam
1194 1424 1374 1464 educun-

90 1491 180 1532 tur,
207 1483 381 1533 AEthiops
410 1484 449 1521 in
472 1491 580 1532 porta
607 1482 799 1530 occurrit;
826 1483 953 1532 estque
980 1482 1108 1530 illico,
1130 1495 1284 1533 propter
1308 1487 1373 1524 tri.-

92 1541 234 1587 {titiam
267 1545 430 1592 ominis,
455 1543 503 1582 ab
534 1543 639 1582 iratis
667 1543 828 1582 occisus.
860 1544 919 1583 Ad
950 1543 1030 1583 haec
1064 1557 1226 1584 examen
1256 1558 1374 1596 apum

92 1608 136 1648 in
159 1607 279 1658 prima
301 1605 425 1656 aquila
448 1605 564 1654 sedit,
588 1607 622 1644 δε
639 1617 660 1643 e
683 1602 839 1644 brachio
857 1606 1112 1654 centurionis,
1139 1620 1373 1658 quamquam

95 1669 194 1720 saepe
218 1676 492 1720 extergeretur,
515 1668 759 1717 pertinaciter
779 1666 925 1706 sudavit
947 1666 1093 1717 liquor,
1110 1679 1371 1720 unguentum,

97 1729 210 1781 quale
233 1730 276 1769 fit
300 1743 320 1768 e
344 1729 458 1778 tofis,
480 1728 634 1779 spirans.
669 1729 752 1777 Jam
782 1742 881 1768 nona
904 1728 1022 1768 ferme
1053 1730 1128 1768 diei
1154 1730 1247 1769 hora
1272 1740 1373 1782 erat,

98 1804 188 1831 cum
213 1791 311 1830 inter
343 1789 513 1830 adversas
543 1790 643 1829 acies
675 1790 808 1840 aquilae
836 1792 919 1830 duae
948 1801 1263 1841 comparuerunt,
1294 1807 1375 1844 pu-

98 1859 260 1903 gnantes
292 1852 484 1899 invicem,
519 1849 746 1900 summoque
776 1851 952 1889 omnium
991 1851 1136 1890 silentio
1172 1852 1374 1903 spectatae,

100 1917 226 1955 donec
243 1913 449 1962 vista,quae
472 1925 493 1950 a
508 1912 612 1951 Bruti
625 1911 750 1950 castris
770 1911 1013 1962 prot-efferat,
1030 1912 1139 1962 fugit.
1165 1913 1266 1953 Tum
1286 1928 1375 1954 vero

98 1977 226 2018 hostes
238 2007 248 2025 ,
265 1976 411 2026 ingenti
425 1974 573 2014 sublato
590 1973 755 2012 clamore
768 2005 778 2022 ‚
796 1975 1020 2024 irruperunt.
1037 1974 1152 2013 Bruto
1175 1976 1375 2016 confilium

100 2050 240 2089 pugnae
270 2035 386 2086 magis
431 2033 624 2085 magisque
658 2033 904 2083 displicebat,
944 2034 1047 2084 quod
1076 2047 1200 2085 neque
1229 2036 1376 2076 videret

100 2100 143 2139 in
161 2099 350 2147 exercitu,
373 2110 485 2148 quam
513 2096 694 2146 optabat,
710 2096 964 2144 alacritatem,
990 2098 1025 2135 δε
1042 2098 1097 2135 vir
1120 2098 1275 2147 quidam
1299 2100 1377 2138 For,

100 2161 171 2209 tis,
200 2160 420 2200 Camulatus
445 2159 621 2206 nomine,
648 2167 778 2209 ptaeter
805 2158 928 2209 ipsum
954 2158 1105 2198 Brutum
1133 2160 1376 2212 transvectus,

104 2224 156 2263 ad
184 2222 307 2262 hostes
330 2223 366 2261 se
399 2220 631 2272 applicasset,
679 2221 754 2262 Sed
788 2235 865 2260 non
893 2229 971 2259 erat
1001 2216 1164 2270 amplius
1194 2221 1378 2261 delibera,

105 2285 202 2326 tioni
225 2285 343 2327 locus,
371 2285 515 2323 idcirco
542 2284 672 2334 paucis
694 2283 913 2323 cohortatus
939 2284 1049 2333 suos,
1067 2284 1315 2334 monitoque,
1337 2298 1379 2337 ηε

112 2401 190 2479 0¹5
204 2401 298 2433 XVI.
321 2401 466 2445 Appian.
488 2400 689 2448 P1u1.,Die.
727 2402 750 2447 ς
776 2400 886 2436 XVII.
918 2399 1001 2436 Dio.
1025 2400 1172 2445 Appian.
1200 2400 1289 2434 Plut.
1318 2398 1388 2436 lul,

148 2459 168 2479 n
187 2457 239 2489 eq.

118 2559 123 2562 μ
180 2502 231 2550 T.
256 2501 347 2548 Liv.
372 2503 467 2548 Vol.
492 2500 586 2548 XI.
1120 2496 1165 2549 T.
