<?xml version="1.0" encoding="UTF-8"?>
<!DOCTYPE html PUBLIC "-//W3C//DTD XHTML 1.0 Transitional//EN"
    "http://www.w3.org/TR/xhtml1/DTD/xhtml1-transitional.dtd">
<html xmlns="http://www.w3.org/1999/xhtml" xml:lang="en" lang="en">
 <head>
  <title>
</title>
<meta http-equiv="Content-Type" content="text/html;charset=utf-8" />
  <meta name='ocr-system' content='tesseract 3.04.00' />
  <meta name='ocr-capabilities' content='ocr_page ocr_carea ocr_par ocr_line ocrx_word'/>
</head>
<body>
  <div class='ocr_page' id='page_1' title='image "./historiarumlibri11livyuoft_0330.png"; bbox 0 0 1685 3042; ppageno 0'>
   <div class='ocr_carea' id='block_1_1' title="bbox 288 181 1470 249">
    <p class='ocr_par' dir='ltr' id='par_1_1' title="bbox 288 181 1470 249">
     <span class='ocr_line' id='line_1_1' title="bbox 288 181 1470 249; baseline 0.003 -19"><span class='ocrx_word' id='word_1_1' title='bbox 288 184 386 247; x_wconf 77' lang='lat'><strong>316</strong></span> <span class='ocrx_word' id='word_1_2' title='bbox 450 181 1470 249; x_wconf 74' lang='lat' dir='ltr'>JO.FREINSHEM115UPPLEM;</span> 
     </span>
    </p>
   </div>
   <div class='ocr_carea' id='block_1_2' title="bbox 288 289 1571 590">
    <p class='ocr_par' dir='ltr' id='par_1_2' title="bbox 288 289 1571 590">
     <span class='ocr_line' id='line_1_2' title="bbox 288 289 1564 342; baseline 0.003 -13"><span class='ocrx_word' id='word_1_3' title='bbox 288 289 425 337; x_wconf 75' lang='lat' dir='ltr'><strong>vibus,</strong></span> <span class='ocrx_word' id='word_1_4' title='bbox 459 291 495 330; x_wconf 87' lang='lat'>&amp;</span> <span class='ocrx_word' id='word_1_5' title='bbox 528 303 664 341; x_wconf 89' lang='lat' dir='ltr'><strong>magna</strong></span> <span class='ocrx_word' id='word_1_6' title='bbox 698 290 733 329; x_wconf 93' lang='lat' dir='ltr'><strong>vi</strong></span> <span class='ocrx_word' id='word_1_7' title='bbox 772 291 1047 341; x_wconf 83' lang='lat' dir='ltr'><strong>pecuniarum,</strong></span> <span class='ocrx_word' id='word_1_8' title='bbox 1074 303 1166 340; x_wconf 87' lang='lat' dir='ltr'><strong>quas</strong></span> <span class='ocrx_word' id='word_1_9' title='bbox 1201 304 1222 330; x_wconf 86' lang='lat' dir='ltr'><strong>a</strong></span> <span class='ocrx_word' id='word_1_10' title='bbox 1255 292 1439 342; x_wconf 88' lang='lat' dir='ltr'><strong>Rhodiis,</strong></span> <span class='ocrx_word' id='word_1_11' title='bbox 1471 292 1564 334; x_wconf 77' lang='lat' dir='ltr'><strong>dum</strong></span> 
     </span>
     <span class='ocr_line' id='line_1_3' title="bbox 292 352 1564 405; baseline 0.002 -13"><span class='ocrx_word' id='word_1_12' title='bbox 292 352 422 392; x_wconf 86' lang='lat' dir='ltr'><strong>adhuc</strong></span> <span class='ocrx_word' id='word_1_13' title='bbox 463 362 568 392; x_wconf 85' lang='lat' dir='ltr'><strong>erant</strong></span> <span class='ocrx_word' id='word_1_14' title='bbox 600 354 703 393; x_wconf 74' lang='lat' dir='ltr'><strong>dicto</strong></span> <span class='ocrx_word' id='word_1_15' title='bbox 741 355 964 401; x_wconf 84' lang='lat' dir='ltr'><strong>audientes,</strong></span> <span class='ocrx_word' id='word_1_16' title='bbox 990 362 1179 404; x_wconf 75' lang='lat' dir='ltr'>exegerat.</span> <span class='ocrx_word' id='word_1_17' title='bbox 1218 354 1305 394; x_wconf 88' lang='lat' dir='ltr'><strong>Hoc</strong></span> <span class='ocrx_word' id='word_1_18' title='bbox 1340 355 1564 405; x_wconf 80' lang='lat' dir='ltr'><strong>exemplum</strong></span> 
     </span>
     <span class='ocr_line' id='line_1_4' title="bbox 288 412 1568 466; baseline 0.003 -14"><span class='ocrx_word' id='word_1_19' title='bbox 288 412 431 464; x_wconf 88' lang='lat' dir='ltr'><strong>secuti,</strong></span> <span class='ocrx_word' id='word_1_20' title='bbox 459 423 649 466; x_wconf 84' lang='lat' dir='ltr'><strong>quotquot</strong></span> <span class='ocrx_word' id='word_1_21' title='bbox 684 417 891 455; x_wconf 87' lang='lat' dir='ltr'><strong>earundem</strong></span> <span class='ocrx_word' id='word_1_22' title='bbox 922 417 1084 466; x_wconf 83' lang='lat' dir='ltr'><strong>partium</strong></span> <span class='ocrx_word' id='word_1_23' title='bbox 1109 426 1189 456; x_wconf 86' lang='lat' dir='ltr'><strong>tota</strong></span> <span class='ocrx_word' id='word_1_24' title='bbox 1210 417 1290 456; x_wconf 66' lang='lat' dir='ltr'><strong>Assa</strong></span> <span class='ocrx_word' id='word_1_25' title='bbox 1313 417 1568 466; x_wconf 88' lang='lat' dir='ltr'><strong>oberrabant,</strong></span> 
     </span>
     <span class='ocr_line' id='line_1_5' title="bbox 289 474 1571 529; baseline 0.004 -16"><span class='ocrx_word' id='word_1_26' title='bbox 289 474 329 513; x_wconf 84' lang='lat' dir='ltr'><strong>in</strong></span> <span class='ocrx_word' id='word_1_27' title='bbox 353 488 473 515; x_wconf 89' lang='lat' dir='ltr'><strong>unum</strong></span> <span class='ocrx_word' id='word_1_28' title='bbox 494 489 780 517; x_wconf 86' lang='lat' dir='ltr'><strong>convenerunt:</strong></span> <span class='ocrx_word' id='word_1_29' title='bbox 806 478 1155 528; x_wconf 84' lang='lat' dir='ltr'><strong>&amp;legionariorum</strong></span> <span class='ocrx_word' id='word_1_30' title='bbox 1170 510 1181 527; x_wconf 91' lang='lat'><strong>,</strong></span> <span class='ocrx_word' id='word_1_31' title='bbox 1204 488 1346 529; x_wconf 89' lang='lat' dir='ltr'><strong>quanto</strong></span> <span class='ocrx_word' id='word_1_32' title='bbox 1367 488 1571 529; x_wconf 87' lang='lat' dir='ltr'><strong>poterant,</strong></span> 
     </span>
     <span class='ocr_line' id='line_1_6' title="bbox 288 539 1569 590; baseline 0.003 -14"><span class='ocrx_word' id='word_1_33' title='bbox 288 549 450 577; x_wconf 87' lang='lat' dir='ltr'><strong>numero</strong></span> <span class='ocrx_word' id='word_1_34' title='bbox 487 539 662 588; x_wconf 76' lang='lat' dir='ltr'><strong>imposito</strong></span> <span class='ocrx_word' id='word_1_35' title='bbox 692 541 732 578; x_wconf 92' lang='lat' dir='ltr'><strong>in</strong></span> <span class='ocrx_word' id='word_1_36' title='bbox 767 552 906 587; x_wconf 79' lang='lat' dir='ltr'><strong>naves,</strong></span> <span class='ocrx_word' id='word_1_37' title='bbox 925 552 971 577; x_wconf 79' lang='lat' dir='ltr'><strong>ex</strong></span> <span class='ocrx_word' id='word_1_38' title='bbox 1001 541 1201 590; x_wconf 85' lang='lat' dir='ltr'><strong>mancipiis</strong></span> <span class='ocrx_word' id='word_1_39' title='bbox 1228 550 1294 580; x_wconf 82' lang='lat' dir='ltr'><strong>aut</strong></span> <span class='ocrx_word' id='word_1_40' title='bbox 1322 541 1428 580; x_wconf 79' lang='lat' dir='ltr'><strong>nexis</strong></span> <span class='ocrx_word' id='word_1_41' title='bbox 1457 541 1569 580; x_wconf 86' lang='lat' dir='ltr'><strong>remi-</strong></span> 
     </span>
    </p>
   </div>
   <div class='ocr_carea' id='block_1_3' title="bbox 289 598 1568 709">
    <p class='ocr_par' dir='ltr' id='par_1_3' title="bbox 289 598 1568 709">
     <span class='ocr_line' id='line_1_7' title="bbox 290 598 1568 651; baseline 0.004 -16"><span class='ocrx_word' id='word_1_42' title='bbox 290 610 354 648; x_wconf 86' lang='lat' dir='ltr'><strong>ges</strong></span> <span class='ocrx_word' id='word_1_43' title='bbox 380 598 585 648; x_wconf 83' lang='lat' dir='ltr'><strong>parabant‚</strong></span> <span class='ocrx_word' id='word_1_44' title='bbox 607 600 775 648; x_wconf 86' lang='lat' dir='ltr'><strong>itemque</strong></span> <span class='ocrx_word' id='word_1_45' title='bbox 804 611 852 639; x_wconf 86' lang='lat' dir='ltr'><strong>ex</strong></span> <span class='ocrx_word' id='word_1_46' title='bbox 884 598 1039 646; x_wconf 81' lang='lat' dir='ltr'><strong>insulis,</strong></span> <span class='ocrx_word' id='word_1_47' title='bbox 1062 612 1154 648; x_wconf 86' lang='lat' dir='ltr'><strong>quas</strong></span> <span class='ocrx_word' id='word_1_48' title='bbox 1186 600 1568 651; x_wconf 85' lang='lat' dir='ltr'><strong>praetervehebantur.</strong></span> 
     </span>
     <span class='ocr_line' id='line_1_8' title="bbox 289 658 1566 709; baseline 0.002 -10"><span class='ocrx_word' id='word_1_49' title='bbox 289 659 364 699; x_wconf 85' lang='lat' dir='ltr'><strong>Sed</strong></span> <span class='ocrx_word' id='word_1_50' title='bbox 397 661 433 700; x_wconf 66' lang='grc' dir='ltr'><strong>ἃς</strong></span> <span class='ocrx_word' id='word_1_51' title='bbox 463 673 483 698; x_wconf 89' lang='lat' dir='ltr'><strong>a</strong></span> <span class='ocrx_word' id='word_1_52' title='bbox 512 659 637 700; x_wconf 83' lang='lat' dir='ltr'><strong>Thaso</strong></span> <span class='ocrx_word' id='word_1_53' title='bbox 674 658 822 698; x_wconf 88' lang='lat' dir='ltr'><strong>nobiles</strong></span> <span class='ocrx_word' id='word_1_54' title='bbox 856 659 1000 709; x_wconf 85' lang='lat' dir='ltr'><strong>aliquot</strong></span> <span class='ocrx_word' id='word_1_55' title='bbox 1029 672 1117 698; x_wconf 91' lang='lat' dir='ltr'><strong>cum</strong></span> <span class='ocrx_word' id='word_1_56' title='bbox 1146 660 1204 700; x_wconf 88' lang='grc' dir='ltr'><strong>Μ.</strong></span> <span class='ocrx_word' id='word_1_57' title='bbox 1235 661 1420 700; x_wconf 85' lang='lat' dir='ltr'><strong>Cicerone</strong></span> <span class='ocrx_word' id='word_1_58' title='bbox 1445 663 1501 702; x_wconf 85' lang='lat' dir='ltr'><strong>M.</strong></span> <span class='ocrx_word' id='word_1_59' title='bbox 1524 662 1566 702; x_wconf 80' lang='lat' dir='ltr'><strong>F.</strong></span> 
     </span>
    </p>
   </div>
   <div class='ocr_carea' id='block_1_4' title="bbox 287 719 1574 1264">
    <p class='ocr_par' dir='ltr' id='par_1_4' title="bbox 287 719 1574 1264">
     <span class='ocr_line' id='line_1_9' title="bbox 287 719 1570 770; baseline 0 -13"><span class='ocrx_word' id='word_1_60' title='bbox 287 720 451 770; x_wconf 69' lang='lat' dir='ltr'><strong>profecti</strong></span> <span class='ocrx_word' id='word_1_61' title='bbox 472 720 558 759; x_wconf 87' lang='lat' dir='ltr'><strong>sunt</strong></span> <span class='ocrx_word' id='word_1_62' title='bbox 581 721 630 758; x_wconf 89' lang='lat' dir='ltr'><strong>ad</strong></span> <span class='ocrx_word' id='word_1_63' title='bbox 654 732 741 767; x_wconf 87' lang='lat' dir='ltr'><strong>eos·,</strong></span> <span class='ocrx_word' id='word_1_64' title='bbox 763 720 945 770; x_wconf 86' lang='lat' dir='ltr'><strong>brevique</strong></span> <span class='ocrx_word' id='word_1_65' title='bbox 970 719 1129 760; x_wconf 62' lang='lat' dir='ltr'><strong>collecta</strong></span> <span class='ocrx_word' id='word_1_66' title='bbox 1149 721 1200 760; x_wconf 89' lang='lat' dir='ltr'><strong>est</strong></span> <span class='ocrx_word' id='word_1_67' title='bbox 1221 735 1300 760; x_wconf 89' lang='lat' dir='ltr'><strong>non</strong></span> <span class='ocrx_word' id='word_1_68' title='bbox 1321 730 1570 761; x_wconf 76' lang='lat' dir='ltr'><strong>contemnen-</strong></span> 
     </span>
     <span class='ocr_line' id='line_1_10' title="bbox 290 781 1572 838; baseline 0.004 -19"><span class='ocrx_word' id='word_1_69' title='bbox 290 781 339 820; x_wconf 75' lang='lat' dir='ltr'><strong>da</strong></span> <span class='ocrx_word' id='word_1_70' title='bbox 376 781 519 829; x_wconf 75' lang='lat' dir='ltr'><strong>classis,</strong></span> <span class='ocrx_word' id='word_1_71' title='bbox 550 784 585 822; x_wconf 71' lang='grc' dir='ltr'><strong>δε</strong></span> <span class='ocrx_word' id='word_1_72' title='bbox 617 794 752 838; x_wconf 68' lang='grc' dir='ltr'><strong>ηετςμιεΙ</strong></span> <span class='ocrx_word' id='word_1_73' title='bbox 780 781 924 820; x_wconf 90' lang='lat' dir='ltr'><strong>ducum</strong></span> <span class='ocrx_word' id='word_1_74' title='bbox 959 781 1177 820; x_wconf 88' lang='lat' dir='ltr'><strong>nominibus</strong></span> <span class='ocrx_word' id='word_1_75' title='bbox 1197 812 1208 829; x_wconf 91' lang='lat'>‚</span> <span class='ocrx_word' id='word_1_76' title='bbox 1244 795 1368 833; x_wconf 90' lang='lat' dir='ltr'><strong>neque</strong></span> <span class='ocrx_word' id='word_1_77' title='bbox 1404 783 1572 824; x_wconf 83' lang='lat' dir='ltr'><strong>militum</strong></span> 
     </span>
     <span class='ocr_line' id='line_1_11' title="bbox 289 845 1574 897; baseline 0.003 -15"><span class='ocrx_word' id='word_1_78' title='bbox 289 853 357 882; x_wconf 87' lang='lat' dir='ltr'><strong>aut</strong></span> <span class='ocrx_word' id='word_1_79' title='bbox 393 857 552 894; x_wconf 84' lang='lat' dir='ltr'><strong>genere,</strong></span> <span class='ocrx_word' id='word_1_80' title='bbox 588 855 652 883; x_wconf 87' lang='lat' dir='ltr'><strong>aut</strong></span> <span class='ocrx_word' id='word_1_81' title='bbox 692 846 804 894; x_wconf 88' lang='lat' dir='ltr'><strong>copia</strong></span> <span class='ocrx_word' id='word_1_82' title='bbox 844 845 1091 894; x_wconf 74' lang='lat' dir='ltr'><strong>poenitendus</strong></span> <span class='ocrx_word' id='word_1_83' title='bbox 1121 846 1338 887; x_wconf 84' lang='lat' dir='ltr'><strong>exercitus:</strong></span> <span class='ocrx_word' id='word_1_84' title='bbox 1370 847 1574 897; x_wconf 71' lang='lat' dir='ltr'><strong>praesertim</strong></span> 
     </span>
     <span class='ocr_line' id='line_1_12' title="bbox 290 904 1574 954; baseline 0.003 -13"><span class='ocrx_word' id='word_1_85' title='bbox 290 916 379 942; x_wconf 90' lang='lat' dir='ltr'><strong>cum</strong></span> <span class='ocrx_word' id='word_1_86' title='bbox 411 905 526 944; x_wconf 85' lang='lat' dir='ltr'><strong>etiam</strong></span> <span class='ocrx_word' id='word_1_87' title='bbox 556 917 604 944; x_wconf 82' lang='lat' dir='ltr'><strong>ex</strong></span> <span class='ocrx_word' id='word_1_88' title='bbox 639 905 750 944; x_wconf 81' lang='lat' dir='ltr'><strong>Creta</strong></span> <span class='ocrx_word' id='word_1_89' title='bbox 780 904 950 954; x_wconf 87' lang='lat' dir='ltr'><strong>Lepidus</strong></span> <span class='ocrx_word' id='word_1_90' title='bbox 983 917 1071 944; x_wconf 91' lang='lat' dir='ltr'><strong>cum</strong></span> <span class='ocrx_word' id='word_1_91' title='bbox 1100 904 1172 943; x_wconf 87' lang='lat' dir='ltr'><strong>alia</strong></span> <span class='ocrx_word' id='word_1_92' title='bbox 1199 918 1314 944; x_wconf 88' lang='lat' dir='ltr'><strong>manu</strong></span> <span class='ocrx_word' id='word_1_93' title='bbox 1353 905 1574 946; x_wconf 73' lang='lat' dir='ltr'><strong>acceffiffet.</strong></span> 
     </span>
     <span class='ocr_line' id='line_1_13' title="bbox 289 964 1570 1014; baseline -0.001 -8"><span class='ocrx_word' id='word_1_94' title='bbox 289 966 390 1006; x_wconf 89' lang='lat' dir='ltr'><strong>Tum</strong></span> <span class='ocrx_word' id='word_1_95' title='bbox 414 979 502 1004; x_wconf 88' lang='lat' dir='ltr'><strong>vero</strong></span> <span class='ocrx_word' id='word_1_96' title='bbox 529 965 712 1005; x_wconf 86' lang='lat' dir='ltr'><strong>consensu</strong></span> <span class='ocrx_word' id='word_1_97' title='bbox 729 966 778 1004; x_wconf 88' lang='lat' dir='ltr'><strong>ad</strong></span> <span class='ocrx_word' id='word_1_98' title='bbox 803 965 986 1004; x_wconf 80' lang='lat' dir='ltr'><strong>Murcum</strong></span> <span class='ocrx_word' id='word_1_99' title='bbox 1007 967 1041 1004; x_wconf 65' lang='lat' dir='ltr'><strong>&amp;a</strong></span> <span class='ocrx_word' id='word_1_100' title='bbox 1065 964 1389 1014; x_wconf 77' lang='lat' dir='ltr'><strong>Ahenobarbum,</strong></span> <span class='ocrx_word' id='word_1_101' title='bbox 1410 966 1570 1014; x_wconf 85' lang='lat' dir='ltr'><strong>Jonium</strong></span> 
     </span>
     <span class='ocr_line' id='line_1_14' title="bbox 289 1028 1572 1080; baseline 0.002 -14"><span class='ocrx_word' id='word_1_102' title='bbox 289 1040 380 1068; x_wconf 91' lang='lat' dir='ltr'><strong>cum</strong></span> <span class='ocrx_word' id='word_1_103' title='bbox 403 1028 536 1068; x_wconf 84' lang='lat' dir='ltr'><strong>validis</strong></span> <span class='ocrx_word' id='word_1_104' title='bbox 566 1028 740 1068; x_wconf 72' lang='lat' dir='ltr'><strong>clastibus</strong></span> <span class='ocrx_word' id='word_1_105' title='bbox 760 1029 1001 1076; x_wconf 85' lang='lat' dir='ltr'><strong>obtinentes,</strong></span> <span class='ocrx_word' id='word_1_106' title='bbox 1027 1030 1192 1080; x_wconf 83' lang='lat' dir='ltr'><strong>navigari</strong></span> <span class='ocrx_word' id='word_1_107' title='bbox 1224 1029 1377 1079; x_wconf 77' lang='lat' dir='ltr'><strong>placuit.</strong></span> <span class='ocrx_word' id='word_1_108' title='bbox 1399 1029 1456 1070; x_wconf 90' lang='lat' dir='ltr'><strong>Ibi</strong></span> <span class='ocrx_word' id='word_1_109' title='bbox 1480 1042 1572 1069; x_wconf 81' lang='lat' dir='ltr'><strong>con.</strong></span> 
     </span>
     <span class='ocr_line' id='line_1_15' title="bbox 290 1089 1569 1141; baseline 0.001 -13"><span class='ocrx_word' id='word_1_110' title='bbox 290 1089 372 1128; x_wconf 73' lang='lat' dir='ltr'><strong>silio</strong></span> <span class='ocrx_word' id='word_1_111' title='bbox 404 1089 560 1137; x_wconf 86' lang='lat' dir='ltr'><strong>habito,</strong></span> <span class='ocrx_word' id='word_1_112' title='bbox 602 1090 933 1140; x_wconf 84' lang='lat' dir='ltr'><strong>quemadmodum</strong></span> <span class='ocrx_word' id='word_1_113' title='bbox 971 1090 1153 1141; x_wconf 88' lang='lat' dir='ltr'><strong>deinceps</strong></span> <span class='ocrx_word' id='word_1_114' title='bbox 1191 1089 1413 1129; x_wconf 85' lang='lat' dir='ltr'><strong>sustinendae</strong></span> <span class='ocrx_word' id='word_1_115' title='bbox 1447 1101 1569 1141; x_wconf 67' lang='lat' dir='ltr'><strong>partes</strong></span> 
     </span>
     <span class='ocr_line' id='line_1_16' title="bbox 293 1151 1571 1203; baseline 0 -12"><span class='ocrx_word' id='word_1_116' title='bbox 293 1151 431 1201; x_wconf 68' lang='lat' dir='ltr'><strong>efflent,</strong></span> <span class='ocrx_word' id='word_1_117' title='bbox 475 1152 627 1192; x_wconf 86' lang='lat' dir='ltr'><strong>diversae</strong></span> <span class='ocrx_word' id='word_1_118' title='bbox 660 1152 854 1192; x_wconf 83' lang='lat' dir='ltr'><strong>sententiae</strong></span> <span class='ocrx_word' id='word_1_119' title='bbox 887 1152 1065 1199; x_wconf 86' lang='lat' dir='ltr'><strong>fuerunt,</strong></span> <span class='ocrx_word' id='word_1_120' title='bbox 1104 1152 1169 1191; x_wconf 80' lang='lat' dir='ltr'><strong>nisi</strong></span> <span class='ocrx_word' id='word_1_121' title='bbox 1208 1153 1314 1203; x_wconf 83' lang='lat' dir='ltr'><strong>quod</strong></span> <span class='ocrx_word' id='word_1_122' title='bbox 1350 1153 1571 1200; x_wconf 84' lang='lat' dir='ltr'><strong>constabat,</strong></span> 
     </span>
     <span class='ocr_line' id='line_1_17' title="bbox 292 1213 1239 1264; baseline -0.002 -9"><span class='ocrx_word' id='word_1_123' title='bbox 292 1214 595 1255; x_wconf 87' lang='lat' dir='ltr'><strong>Triumvirorum</strong></span> <span class='ocrx_word' id='word_1_124' title='bbox 619 1214 893 1264; x_wconf 84' lang='lat' dir='ltr'><strong>aspernandam</strong></span> <span class='ocrx_word' id='word_1_125' title='bbox 919 1214 1128 1253; x_wconf 84' lang='lat' dir='ltr'><strong>amicitiam</strong></span> <span class='ocrx_word' id='word_1_126' title='bbox 1154 1213 1239 1254; x_wconf 84' lang='lat' dir='ltr'><strong>effe.</strong></span> 
     </span>
    </p>
   </div>
   <div class='ocr_carea' id='block_1_5' title="bbox 288 1285 1582 2085">
    <p class='ocr_par' dir='ltr' id='par_1_5' title="bbox 288 1285 1582 2085">
     <span class='ocr_line' id='line_1_18' title="bbox 345 1285 1571 1337; baseline -0.005 -11"><span class='ocrx_word' id='word_1_127' title='bbox 345 1285 571 1326; x_wconf 83' lang='lat' dir='ltr'>XXXVIII.</span> <span class='ocrx_word' id='word_1_128' title='bbox 602 1286 744 1326; x_wconf 81' lang='lat' dir='ltr'><strong>Statius</strong></span> <span class='ocrx_word' id='word_1_129' title='bbox 770 1286 949 1332; x_wconf 81' lang='lat' dir='ltr'><strong>Murcus,</strong></span> <span class='ocrx_word' id='word_1_130' title='bbox 978 1285 1117 1324; x_wconf 82' lang='lat' dir='ltr'><strong>defleto</strong></span> <span class='ocrx_word' id='word_1_131' title='bbox 1146 1287 1193 1324; x_wconf 73' lang='lat' dir='ltr'><strong>Ca</strong></span> <span class='ocrx_word' id='word_1_132' title='bbox 1220 1285 1246 1322; x_wconf 80' lang='lat' dir='ltr'><strong>zi</strong></span> <span class='ocrx_word' id='word_1_133' title='bbox 1272 1285 1440 1337; x_wconf 80' lang='lat' dir='ltr'><strong>Brutique</strong></span> <span class='ocrx_word' id='word_1_134' title='bbox 1465 1285 1571 1336; x_wconf 61' lang='lat' dir='ltr'><strong>casta,</strong></span> 
     </span>
     <span class='ocr_line' id='line_1_19' title="bbox 288 1346 1575 1401; baseline -0.003 -15"><span class='ocrx_word' id='word_1_135' title='bbox 288 1349 382 1401; x_wconf 66' lang='lat' dir='ltr'><strong>spem</strong></span> <span class='ocrx_word' id='word_1_136' title='bbox 405 1362 517 1386; x_wconf 76' lang='lat' dir='ltr'><strong>tamen</strong></span> <span class='ocrx_word' id='word_1_137' title='bbox 552 1349 667 1386; x_wconf 56' lang='lat' dir='ltr'><strong>adhuc</strong></span> <span class='ocrx_word' id='word_1_138' title='bbox 684 1348 848 1400; x_wconf 71' lang='lat' dir='ltr'><strong>supereffe</strong></span> <span class='ocrx_word' id='word_1_139' title='bbox 882 1347 1034 1386; x_wconf 81' lang='lat' dir='ltr'><strong>dicebat</strong></span> <span class='ocrx_word' id='word_1_140' title='bbox 1061 1348 1096 1385; x_wconf 79' lang='lat' dir='ltr'><strong>in</strong></span> <span class='ocrx_word' id='word_1_141' title='bbox 1121 1347 1262 1397; x_wconf 83' lang='lat' dir='ltr'><strong>reliquis</strong></span> <span class='ocrx_word' id='word_1_142' title='bbox 1289 1347 1444 1391; x_wconf 78' lang='lat' dir='ltr'><strong>viribus,</strong></span> <span class='ocrx_word' id='word_1_143' title='bbox 1473 1346 1575 1385; x_wconf 81' lang='lat' dir='ltr'><strong>modo</strong></span> 
     </span>
     <span class='ocr_line' id='line_1_20' title="bbox 294 1408 1575 1463; baseline -0.003 -15"><span class='ocrx_word' id='word_1_144' title='bbox 294 1422 401 1463; x_wconf 75' lang='lat' dir='ltr'><strong>caput</strong></span> <span class='ocrx_word' id='word_1_145' title='bbox 428 1412 534 1448; x_wconf 65' lang='lat' dir='ltr'><strong>naclae</strong></span> <span class='ocrx_word' id='word_1_146' title='bbox 569 1410 727 1448; x_wconf 69' lang='lat' dir='ltr'><strong>idoneum</strong></span> <span class='ocrx_word' id='word_1_147' title='bbox 756 1409 887 1461; x_wconf 65' lang='lat' dir='ltr'><strong>fiarent,</strong></span> <span class='ocrx_word' id='word_1_148' title='bbox 925 1408 1105 1460; x_wconf 81' lang='lat' dir='ltr'><strong>Consilium</strong></span> <span class='ocrx_word' id='word_1_149' title='bbox 1146 1409 1263 1453; x_wconf 85' lang='lat' dir='ltr'><strong>enim,</strong></span> <span class='ocrx_word' id='word_1_150' title='bbox 1306 1408 1450 1456; x_wconf 86' lang='lat' dir='ltr'><strong>inquit,</strong></span> <span class='ocrx_word' id='word_1_151' title='bbox 1473 1420 1575 1459; x_wconf 80' lang='lat' dir='ltr'><strong>atque</strong></span> 
     </span>
     <span class='ocr_line' id='line_1_21' title="bbox 295 1469 1576 1523; baseline -0.003 -13"><span class='ocrx_word' id='word_1_152' title='bbox 295 1473 470 1522; x_wconf 82' lang='lat' dir='ltr'><strong>imperium</strong></span> <span class='ocrx_word' id='word_1_153' title='bbox 495 1472 610 1522; x_wconf 80' lang='lat' dir='ltr'><strong>pluris</strong></span> <span class='ocrx_word' id='word_1_154' title='bbox 639 1486 741 1523; x_wconf 79' lang='lat' dir='ltr'><strong>quam</strong></span> <span class='ocrx_word' id='word_1_155' title='bbox 772 1486 867 1509; x_wconf 82' lang='lat' dir='ltr'><strong>arma</strong></span> <span class='ocrx_word' id='word_1_156' title='bbox 892 1471 1005 1522; x_wconf 80' lang='lat' dir='ltr'><strong>sunt,</strong></span> <span class='ocrx_word' id='word_1_157' title='bbox 1040 1484 1143 1521; x_wconf 76' lang='lat' dir='ltr'><strong>quam</strong></span> <span class='ocrx_word' id='word_1_158' title='bbox 1169 1470 1341 1521; x_wconf 76' lang='lat' dir='ltr'><strong>pecunia,</strong></span> <span class='ocrx_word' id='word_1_159' title='bbox 1368 1469 1402 1508; x_wconf 66' lang='grc' dir='ltr'><strong>δ’</strong></span> <span class='ocrx_word' id='word_1_160' title='bbox 1426 1470 1576 1507; x_wconf 79' lang='lat' dir='ltr'><strong>militum</strong></span> 
     </span>
     <span class='ocr_line' id='line_1_22' title="bbox 297 1531 1577 1585; baseline -0.002 -13"><span class='ocrx_word' id='word_1_161' title='bbox 297 1548 436 1573; x_wconf 77' lang='lat' dir='ltr'><strong>manus.</strong></span> <span class='ocrx_word' id='word_1_162' title='bbox 455 1534 593 1572; x_wconf 84' lang='lat' dir='ltr'><strong>Horum</strong></span> <span class='ocrx_word' id='word_1_163' title='bbox 612 1534 670 1571; x_wconf 78' lang='lat' dir='ltr'><strong>vis</strong></span> <span class='ocrx_word' id='word_1_164' title='bbox 689 1534 925 1585; x_wconf 82' lang='lat' dir='ltr'><strong>quantalibet,</strong></span> <span class='ocrx_word' id='word_1_165' title='bbox 951 1533 1014 1583; x_wconf 78' lang='lat' dir='ltr'><strong>nifi</strong></span> <span class='ocrx_word' id='word_1_166' title='bbox 1036 1533 1212 1585; x_wconf 79' lang='lat' dir='ltr'><strong>sapientia</strong></span> <span class='ocrx_word' id='word_1_167' title='bbox 1235 1531 1270 1568; x_wconf 59' lang='grc' dir='ltr'><strong>δ’</strong></span> <span class='ocrx_word' id='word_1_168' title='bbox 1293 1532 1490 1570; x_wconf 75' lang='grc' dir='ltr'><strong>αιιὲἶονὶιαιι</strong></span> <span class='ocrx_word' id='word_1_169' title='bbox 1513 1533 1577 1570; x_wconf 84' lang='lat' dir='ltr'><strong>du-</strong></span> 
     </span>
     <span class='ocr_line' id='line_1_23' title="bbox 295 1593 1578 1648; baseline -0.002 -14"><span class='ocrx_word' id='word_1_170' title='bbox 295 1597 348 1634; x_wconf 86' lang='lat' dir='ltr'><strong>cis</strong></span> <span class='ocrx_word' id='word_1_171' title='bbox 363 1596 597 1643; x_wconf 80' lang='lat' dir='ltr'><strong>contineatur,</strong></span> <span class='ocrx_word' id='word_1_172' title='bbox 620 1595 822 1647; x_wconf 60' lang='lat' dir='ltr'><strong>diffblvetur</strong></span> <span class='ocrx_word' id='word_1_173' title='bbox 837 1594 973 1648; x_wconf 72' lang='lat' dir='ltr'><strong>fizcile,</strong></span> <span class='ocrx_word' id='word_1_174' title='bbox 990 1606 1053 1631; x_wconf 72' lang='lat' dir='ltr'><strong>aut</strong></span> <span class='ocrx_word' id='word_1_175' title='bbox 1074 1594 1110 1631; x_wconf 85' lang='lat' dir='ltr'><strong>in</strong></span> <span class='ocrx_word' id='word_1_176' title='bbox 1127 1593 1166 1645; x_wconf 87' lang='lat' dir='ltr'><strong>se</strong></span> <span class='ocrx_word' id='word_1_177' title='bbox 1187 1605 1269 1631; x_wconf 79' lang='lat' dir='ltr'><strong>ruet.</strong></span> <span class='ocrx_word' id='word_1_178' title='bbox 1300 1608 1404 1644; x_wconf 83' lang='lat' dir='ltr'><strong>neque</strong></span> <span class='ocrx_word' id='word_1_179' title='bbox 1423 1593 1578 1645; x_wconf 78' lang='lat' dir='ltr'><strong>plurium</strong></span> 
     </span>
     <span class='ocr_line' id='line_1_24' title="bbox 299 1655 1579 1711; baseline -0.003 -15"><span class='ocrx_word' id='word_1_180' title='bbox 299 1671 396 1710; x_wconf 72' lang='lat' dir='ltr'><strong>atqua</strong></span> <span class='ocrx_word' id='word_1_181' title='bbox 422 1659 584 1711; x_wconf 77' lang='lat' dir='ltr'><strong>potestate</strong></span> <span class='ocrx_word' id='word_1_182' title='bbox 615 1672 667 1696; x_wconf 87' lang='lat' dir='ltr'><strong>res</strong></span> <span class='ocrx_word' id='word_1_183' title='bbox 691 1658 763 1710; x_wconf 83' lang='lat' dir='ltr'><strong>geri</strong></span> <span class='ocrx_word' id='word_1_184' title='bbox 793 1657 962 1696; x_wconf 82' lang='lat' dir='ltr'><strong>commode</strong></span> <span class='ocrx_word' id='word_1_185' title='bbox 982 1656 1111 1708; x_wconf 80' lang='lat' dir='ltr'><strong>potest:</strong></span> <span class='ocrx_word' id='word_1_186' title='bbox 1134 1656 1172 1694; x_wconf 82' lang='lat' dir='ltr'><strong>in</strong></span> <span class='ocrx_word' id='word_1_187' title='bbox 1197 1655 1283 1693; x_wconf 85' lang='lat' dir='ltr'><strong>hello</strong></span> <span class='ocrx_word' id='word_1_188' title='bbox 1306 1655 1475 1706; x_wconf 80' lang='lat' dir='ltr'><strong>rapienda:</strong></span> <span class='ocrx_word' id='word_1_189' title='bbox 1494 1655 1579 1705; x_wconf 70' lang='lat' dir='ltr'><strong>fictu</strong></span> 
     </span>
     <span class='ocr_line' id='line_1_25' title="bbox 298 1716 1580 1771; baseline -0.003 -15"><span class='ocrx_word' id='word_1_190' title='bbox 298 1720 499 1769; x_wconf 77' lang='lat' dir='ltr'><strong>occasiones.</strong></span> <span class='ocrx_word' id='word_1_191' title='bbox 527 1733 601 1770; x_wconf 85' lang='lat' dir='ltr'><strong>quae</strong></span> <span class='ocrx_word' id='word_1_192' title='bbox 628 1720 719 1771; x_wconf 65' lang='grc' dir='ltr'><strong>[αρε</strong></span> <span class='ocrx_word' id='word_1_193' title='bbox 747 1732 817 1756; x_wconf 80' lang='lat' dir='ltr'><strong>non</strong></span> <span class='ocrx_word' id='word_1_194' title='bbox 845 1719 934 1755; x_wconf 81' lang='lat' dir='ltr'><strong>inter</strong></span> <span class='ocrx_word' id='word_1_195' title='bbox 964 1717 1194 1768; x_wconf 67' lang='lat' dir='ltr'><strong>dffntientes</strong></span> <span class='ocrx_word' id='word_1_196' title='bbox 1231 1718 1356 1764; x_wconf 79' lang='lat' dir='ltr'><strong>modo,</strong></span> <span class='ocrx_word' id='word_1_197' title='bbox 1385 1717 1451 1769; x_wconf 74' lang='lat' dir='ltr'><strong>sed</strong></span> <span class='ocrx_word' id='word_1_198' title='bbox 1475 1716 1580 1753; x_wconf 70' lang='lat' dir='ltr'><strong>etiam</strong></span> 
     </span>
     <span class='ocr_line' id='line_1_26' title="bbox 298 1779 1581 1831; baseline -0.003 -12"><span class='ocrx_word' id='word_1_199' title='bbox 298 1781 387 1819; x_wconf 76' lang='lat' dir='ltr'><strong>inter</strong></span> <span class='ocrx_word' id='word_1_200' title='bbox 428 1781 609 1819; x_wconf 84' lang='lat' dir='ltr'><strong>concordes</strong></span> <span class='ocrx_word' id='word_1_201' title='bbox 627 1811 638 1827; x_wconf 94' lang='lat'><strong>,</strong></span> <span class='ocrx_word' id='word_1_202' title='bbox 673 1783 754 1818; x_wconf 83' lang='lat' dir='ltr'><strong>dum</strong></span> <span class='ocrx_word' id='word_1_203' title='bbox 796 1780 1090 1820; x_wconf 75' lang='lat' dir='ltr'><strong>communicandis</strong></span> <span class='ocrx_word' id='word_1_204' title='bbox 1130 1780 1277 1830; x_wconf 82' lang='lat' dir='ltr'><strong>confiliis</strong></span> <span class='ocrx_word' id='word_1_205' title='bbox 1315 1791 1446 1831; x_wconf 83' lang='lat' dir='ltr'><strong>tempus</strong></span> <span class='ocrx_word' id='word_1_206' title='bbox 1478 1779 1581 1825; x_wconf 79' lang='lat' dir='ltr'><strong>abit,</strong></span> 
     </span>
     <span class='ocr_line' id='line_1_27' title="bbox 301 1840 1580 1896; baseline -0.005 -15"><span class='ocrx_word' id='word_1_207' title='bbox 301 1845 518 1882; x_wconf 72' lang='lat' dir='ltr'><strong>aminuntur.</strong></span> <span class='ocrx_word' id='word_1_208' title='bbox 549 1845 622 1881; x_wconf 81' lang='lat' dir='ltr'><strong>Sed</strong></span> <span class='ocrx_word' id='word_1_209' title='bbox 641 1858 745 1896; x_wconf 73' lang='lat' dir='ltr'><strong>neque</strong></span> <span class='ocrx_word' id='word_1_210' title='bbox 766 1843 852 1881; x_wconf 80' lang='lat' dir='ltr'><strong>milri</strong></span> <span class='ocrx_word' id='word_1_211' title='bbox 868 1845 1040 1896; x_wconf 78' lang='lat' dir='ltr'><strong>summam</strong></span> <span class='ocrx_word' id='word_1_212' title='bbox 1068 1856 1172 1880; x_wconf 86' lang='lat' dir='ltr'><strong>rerum</strong></span> <span class='ocrx_word' id='word_1_213' title='bbox 1197 1842 1360 1893; x_wconf 79' lang='lat' dir='ltr'><strong>deposco,</strong></span> <span class='ocrx_word' id='word_1_214' title='bbox 1384 1854 1488 1891; x_wconf 79' lang='lat' dir='ltr'><strong>neque</strong></span> <span class='ocrx_word' id='word_1_215' title='bbox 1505 1840 1580 1877; x_wconf 83' lang='lat' dir='ltr'><strong>cui.</strong></span> 
     </span>
     <span class='ocr_line' id='line_1_28' title="bbox 299 1903 1582 1961; baseline -0.005 -16"><span class='ocrx_word' id='word_1_216' title='bbox 299 1922 401 1960; x_wconf 84' lang='lat' dir='ltr'><strong>quam</strong></span> <span class='ocrx_word' id='word_1_217' title='bbox 424 1907 565 1959; x_wconf 77' lang='lat' dir='ltr'><strong>vestru‘m</strong></span> <span class='ocrx_word' id='word_1_218' title='bbox 591 1919 651 1946; x_wconf 83' lang='lat' dir='ltr'><strong>aut</strong></span> <span class='ocrx_word' id='word_1_219' title='bbox 673 1908 836 1961; x_wconf 66' lang='lat' dir='ltr'><strong>postendi</strong></span> <span class='ocrx_word' id='word_1_220' title='bbox 868 1921 931 1945; x_wconf 81' lang='lat' dir='ltr'><strong>aut</strong></span> <span class='ocrx_word' id='word_1_221' title='bbox 950 1907 1059 1945; x_wconf 81' lang='lat' dir='ltr'><strong>dandi</strong></span> <span class='ocrx_word' id='word_1_222' title='bbox 1080 1908 1194 1944; x_wconf 77' lang='grc' dir='ltr'><em>αιιέῖον</em></span> <span class='ocrx_word' id='word_1_223' title='bbox 1216 1919 1295 1943; x_wconf 81' lang='lat' dir='ltr'><strong>ero.-</strong></span> <span class='ocrx_word' id='word_1_224' title='bbox 1320 1906 1405 1942; x_wconf 85' lang='lat' dir='ltr'><strong>Sex.</strong></span> <span class='ocrx_word' id='word_1_225' title='bbox 1433 1903 1582 1955; x_wconf 83' lang='lat' dir='ltr'><strong>Pompe-</strong></span> 
     </span>
     <span class='ocr_line' id='line_1_29' title="bbox 295 1962 1579 2020; baseline -0.005 -14"><span class='ocrx_word' id='word_1_226' title='bbox 295 1968 373 2020; x_wconf 83' lang='lat' dir='ltr'><strong>jum</strong></span> <span class='ocrx_word' id='word_1_227' title='bbox 399 1969 555 2015; x_wconf 81' lang='lat' dir='ltr'><strong>intueor,</strong></span> <span class='ocrx_word' id='word_1_228' title='bbox 590 1983 686 2020; x_wconf 84' lang='lat' dir='ltr'><strong>quem</strong></span> <span class='ocrx_word' id='word_1_229' title='bbox 728 1972 812 2006; x_wconf 83' lang='lat' dir='ltr'><strong>miro</strong></span> <span class='ocrx_word' id='word_1_230' title='bbox 841 1968 982 2019; x_wconf 83' lang='lat' dir='ltr'><strong>confilio</strong></span> <span class='ocrx_word' id='word_1_231' title='bbox 1009 1968 1106 2005; x_wconf 83' lang='lat' dir='ltr'><strong>rebus</strong></span> <span class='ocrx_word' id='word_1_232' title='bbox 1139 1966 1279 2004; x_wconf 80' lang='lat' dir='ltr'><strong>incertis</strong></span> <span class='ocrx_word' id='word_1_233' title='bbox 1302 1965 1439 2003; x_wconf 82' lang='lat' dir='ltr'><strong>unicum</strong></span> <span class='ocrx_word' id='word_1_234' title='bbox 1464 1962 1579 2016; x_wconf 80' lang='lat' dir='ltr'><strong>praefi-</strong></span> 
     </span>
     <span class='ocr_line' id='line_1_30' title="bbox 301 2031 1063 2085; baseline -0.003 -15"><span class='ocrx_word' id='word_1_235' title='bbox 301 2033 396 2070; x_wconf 81' lang='lat' dir='ltr'><strong>dium</strong></span> <span class='ocrx_word' id='word_1_236' title='bbox 422 2034 459 2071; x_wconf 85' lang='lat' dir='ltr'><strong>in</strong></span> <span class='ocrx_word' id='word_1_237' title='bbox 480 2033 674 2085; x_wconf 79' lang='lat' dir='ltr'><strong>propinquo</strong></span> <span class='ocrx_word' id='word_1_238' title='bbox 689 2031 841 2084; x_wconf 66' lang='lat' dir='ltr'><strong>fortuna</strong></span> <span class='ocrx_word' id='word_1_239' title='bbox 866 2031 1063 2070; x_wconf 78' lang='lat' dir='ltr'><strong>collocavit.</strong></span> 
     </span>
    </p>
   </div>
   <div class='ocr_carea' id='block_1_6' title="bbox 302 2095 1584 2528">
    <p class='ocr_par' dir='ltr' id='par_1_6' title="bbox 302 2095 1584 2528">
     <span class='ocr_line' id='line_1_31' title="bbox 371 2095 1581 2151; baseline -0.01 -8"><span class='ocrx_word' id='word_1_240' title='bbox 371 2102 568 2143; x_wconf 86' lang='lat' dir='ltr'>XXXIX.</span> <span class='ocrx_word' id='word_1_241' title='bbox 596 2104 674 2141; x_wconf 86' lang='lat' dir='ltr'><strong>Nec</strong></span> <span class='ocrx_word' id='word_1_242' title='bbox 710 2103 798 2139; x_wconf 82' lang='lat' dir='ltr'><strong>enim</strong></span> <span class='ocrx_word' id='word_1_243' title='bbox 820 2102 930 2139; x_wconf 86' lang='lat' dir='ltr'><strong>alium</strong></span> <span class='ocrx_word' id='word_1_244' title='bbox 958 2100 988 2139; x_wconf 84' lang='lat' dir='ltr'><strong>ei</strong></span> <span class='ocrx_word' id='word_1_245' title='bbox 1017 2098 1198 2151; x_wconf 64' lang='lat' dir='ltr'><strong>praeferre,</strong></span> <span class='ocrx_word' id='word_1_246' title='bbox 1228 2096 1360 2146; x_wconf 75' lang='lat' dir='ltr'><strong>etiamsi</strong></span> <span class='ocrx_word' id='word_1_247' title='bbox 1381 2095 1481 2146; x_wconf 77' lang='lat' dir='ltr'><strong>copia</strong></span> <span class='ocrx_word' id='word_1_248' title='bbox 1498 2095 1581 2146; x_wconf 82' lang='lat' dir='ltr'><strong>plu-</strong></span> 
     </span>
     <span class='ocr_line' id='line_1_32' title="bbox 302 2159 1580 2218; baseline -0.008 -14"><span class='ocrx_word' id='word_1_249' title='bbox 302 2165 389 2204; x_wconf 81' lang='lat' dir='ltr'><strong>rium</strong></span> <span class='ocrx_word' id='word_1_250' title='bbox 415 2166 511 2218; x_wconf 80' lang='lat' dir='ltr'><strong>effer,</strong></span> <span class='ocrx_word' id='word_1_251' title='bbox 535 2166 717 2210; x_wconf 75' lang='lat' dir='ltr'><strong>debemus,</strong></span> <span class='ocrx_word' id='word_1_252' title='bbox 740 2178 802 2216; x_wconf 84' lang='lat' dir='ltr'><strong>pro</strong></span> <span class='ocrx_word' id='word_1_253' title='bbox 832 2164 964 2215; x_wconf 77' lang='lat' dir='ltr'><strong>legibus</strong></span> <span class='ocrx_word' id='word_1_254' title='bbox 989 2162 1194 2201; x_wconf 75' lang='lat' dir='ltr'><strong>dimicantes</strong></span> <span class='ocrx_word' id='word_1_255' title='bbox 1218 2159 1419 2198; x_wconf 71' lang='lat' dir='ltr'><strong>&amp;libertate</strong></span> <span class='ocrx_word' id='word_1_256' title='bbox 1434 2187 1445 2205; x_wconf 88' lang='lat'><strong>,</strong></span> <span class='ocrx_word' id='word_1_257' title='bbox 1469 2171 1580 2209; x_wconf 83' lang='lat' dir='ltr'><strong>quem-</strong></span> 
     </span>
     <span class='ocr_line' id='line_1_33' title="bbox 305 2219 1582 2279; baseline -0.005 -15"><span class='ocrx_word' id='word_1_258' title='bbox 305 2227 487 2266; x_wconf 81' lang='lat' dir='ltr'><strong>admodum</strong></span> <span class='ocrx_word' id='word_1_259' title='bbox 510 2227 641 2279; x_wconf 85' lang='lat' dir='ltr'><strong>semper</strong></span> <span class='ocrx_word' id='word_1_260' title='bbox 666 2226 809 2263; x_wconf 78' lang='lat' dir='ltr'><strong>tulimus</strong></span> <span class='ocrx_word' id='word_1_261' title='bbox 830 2239 899 2278; x_wconf 86' lang='lat' dir='ltr'><strong>prae</strong></span> <span class='ocrx_word' id='word_1_262' title='bbox 922 2224 1035 2262; x_wconf 81' lang='lat' dir='ltr'><strong>nobis.</strong></span> <span class='ocrx_word' id='word_1_263' title='bbox 1067 2223 1144 2260; x_wconf 79' lang='lat' dir='ltr'><strong>Hic</strong></span> <span class='ocrx_word' id='word_1_264' title='bbox 1168 2234 1280 2259; x_wconf 82' lang='lat' dir='ltr'><strong>autem</strong></span> <span class='ocrx_word' id='word_1_265' title='bbox 1293 2220 1392 2273; x_wconf 75' lang='lat' dir='ltr'><strong>fhlus</strong></span> <span class='ocrx_word' id='word_1_266' title='bbox 1419 2219 1490 2269; x_wconf 78' lang='lat' dir='ltr'><strong>jam</strong></span> <span class='ocrx_word' id='word_1_267' title='bbox 1509 2230 1582 2257; x_wconf 82' lang='lat' dir='ltr'><strong>toto</strong></span> 
     </span>
     <span class='ocr_line' id='line_1_34' title="bbox 307 2281 1583 2341; baseline -0.006 -14"><span class='ocrx_word' id='word_1_268' title='bbox 307 2288 446 2340; x_wconf 68' lang='lat' dir='ltr'><strong>imperio</strong></span> <span class='ocrx_word' id='word_1_269' title='bbox 487 2287 674 2340; x_wconf 74' lang='lat' dir='ltr'><strong>legitimam</strong></span> <span class='ocrx_word' id='word_1_270' title='bbox 708 2288 900 2341; x_wconf 84' lang='lat' dir='ltr'><strong>potestatem</strong></span> <span class='ocrx_word' id='word_1_271' title='bbox 942 2287 1095 2331; x_wconf 85' lang='lat' dir='ltr'><strong>obtinet,</strong></span> <span class='ocrx_word' id='word_1_272' title='bbox 1133 2285 1237 2322; x_wconf 84' lang='lat' dir='ltr'><strong>maris</strong></span> <span class='ocrx_word' id='word_1_273' title='bbox 1267 2283 1465 2335; x_wconf 72' lang='lat' dir='ltr'><strong>praefeHura</strong></span> <span class='ocrx_word' id='word_1_274' title='bbox 1499 2281 1583 2320; x_wconf 79' lang='lat' dir='ltr'><strong>olim</strong></span> 
     </span>
     <span class='ocr_line' id='line_1_35' title="bbox 309 2344 1581 2402; baseline -0.007 -14"><span class='ocrx_word' id='word_1_275' title='bbox 309 2362 447 2400; x_wconf 72' lang='lat' dir='ltr'><strong>accepta</strong></span> <span class='ocrx_word' id='word_1_276' title='bbox 475 2350 519 2387; x_wconf 83' lang='lat' dir='ltr'><strong>ab</strong></span> <span class='ocrx_word' id='word_1_277' title='bbox 541 2351 690 2402; x_wconf 81' lang='lat' dir='ltr'><strong>senam,</strong></span> <span class='ocrx_word' id='word_1_278' title='bbox 722 2348 921 2401; x_wconf 74' lang='lat' dir='ltr'><strong>priusquam</strong></span> <span class='ocrx_word' id='word_1_279' title='bbox 946 2347 1003 2386; x_wconf 79' lang='lat' dir='ltr'><strong>ille</strong></span> <span class='ocrx_word' id='word_1_280' title='bbox 1027 2347 1150 2398; x_wconf 79' lang='lat' dir='ltr'><strong>fielere</strong></span> <span class='ocrx_word' id='word_1_281' title='bbox 1175 2359 1216 2383; x_wconf 83' lang='lat' dir='ltr'><strong>ac</strong></span> <span class='ocrx_word' id='word_1_282' title='bbox 1240 2346 1439 2382; x_wconf 72' lang='lat' dir='ltr'><strong>crudelitate</strong></span> <span class='ocrx_word' id='word_1_283' title='bbox 1462 2344 1581 2381; x_wconf 83' lang='lat' dir='ltr'><strong>trium-</strong></span> 
     </span>
     <span class='ocr_line' id='line_1_36' title="bbox 308 2404 1583 2463; baseline -0.008 -14"><span class='ocrx_word' id='word_1_284' title='bbox 308 2412 415 2449; x_wconf 68' lang='lat' dir='ltr'><strong>viruli</strong></span> <span class='ocrx_word' id='word_1_285' title='bbox 443 2413 689 2463; x_wconf 76' lang='lat' dir='ltr'><strong>opprimeretur.</strong></span> <span class='ocrx_word' id='word_1_286' title='bbox 718 2412 794 2449; x_wconf 88' lang='lat' dir='ltr'><strong>Nec</strong></span> <span class='ocrx_word' id='word_1_287' title='bbox 827 2411 932 2462; x_wconf 78' lang='lat' dir='ltr'><strong>igitur</strong></span> <span class='ocrx_word' id='word_1_288' title='bbox 958 2410 1192 2455; x_wconf 54' lang='lat' dir='ltr'><strong>,dubitandum</strong></span> <span class='ocrx_word' id='word_1_289' title='bbox 1219 2408 1282 2456; x_wconf 68' lang='grc' dir='ltr'><strong>ιβ,</strong></span> <span class='ocrx_word' id='word_1_290' title='bbox 1317 2408 1427 2456; x_wconf 82' lang='lat' dir='ltr'><strong>quin,</strong></span> <span class='ocrx_word' id='word_1_291' title='bbox 1457 2404 1583 2442; x_wconf 79' lang='lat' dir='ltr'><strong>amotis</strong></span> 
     </span>
     <span class='ocr_line' id='line_1_37' title="bbox 311 2467 1584 2528; baseline -0.009 -15"><span class='ocrx_word' id='word_1_292' title='bbox 311 2472 613 2524; x_wconf 63' lang='lat' dir='ltr'><strong>Crffioc&#39;aeB‘t-uto,</strong></span> <span class='ocrx_word' id='word_1_293' title='bbox 644 2473 766 2528; x_wconf 78' lang='lat' dir='ltr'><strong>populi</strong></span> <span class='ocrx_word' id='word_1_294' title='bbox 792 2472 945 2513; x_wconf 69' lang='lat' dir='ltr'><strong>Romani</strong></span> <span class='ocrx_word' id='word_1_295' title='bbox 969 2470 1249 2526; x_wconf 67' lang='lat' dir='ltr'><strong>imperaroribus‚</strong></span> <span class='ocrx_word' id='word_1_296' title='bbox 1274 2469 1352 2507; x_wconf 77' lang='lat' dir='ltr'><strong>huic</strong></span> <span class='ocrx_word' id='word_1_297' title='bbox 1377 2467 1510 2520; x_wconf 68' lang='lat' dir='ltr'><strong>reliqum</strong></span> <span class='ocrx_word' id='word_1_298' title='bbox 1530 2477 1584 2503; x_wconf 72' lang='lat' dir='ltr'><strong>res</strong></span> 
     </span>
    </p>
   </div>
  </div>
 </body>
</html>
