1685 3042
217 213 298 261 1N
346 210 510 258 Loc.
554 209 694 254 LIB.
746 206 929 254 cxxv
974 208 1120 255 L1v.
1238 225 1329 274 317

52 320 196 375 'spefqtte
219 321 332 372 nostrat
355 317 634 356 committantur:
659 313 843 366 praesertim
866 328 940 351 cum
963 328 1033 351 non
1061 315 1164 353 aliud
1175 315 1240 369 jus
1247 319 1335 370 sua„

59 385 158 428 deas,
185 381 287 418 aliud
310 391 409 430 cogat
429 375 603 426 necfftas
615 389 631 423 ,·
653 376 717 428 sed
735 376 769 413 6³
788 374 880 411 illud
897 376 931 413 δ’
953 376 1022 415 haec
1045 392 1091 414 ex
1108 392 1202 430 aequo
1228 380 1337 418 Pom-

55 440 173 492 pejum
197 440 296 477 nobis
323 439 574 483 commendent,
599 439 633 475 ὅ»
665 435 836 473 Siciliam.
885 436 980 487 Quis
1014 439 1101 474 enim
1133 440 1303 476 hominum
1320 469 1334 488 ,

59 513 124 539 aut
142 514 213 552 qua:
234 499 490 550 provinciarum
510 497 630 549 aptior
648 495 708 548 effi
726 496 883 547 praesenti
902 496 1084 546 necfffati
1096 527 1108 545 ,
1133 512 1196 536 aut
1215 515 1336 552 oppor-

58 563 178 600 tunior
198 562 306 613 potest
319 562 340 598 ἓ
360 560 474 611 magni
497 558 653 610 I'ompeji
672 559 797 609 filius,
813 571 937 596 amans
958 559 1082 610 patriae
1095 560 1243 611 juvenis
1258 591 1269 610 ,
1296 563 1336 601 in

59 623 166 661 malis
193 622 228 659 δ’
253 623 443 662 tolerandis
466 622 500 660 ἃ
517 621 726 673 superandis
758 621 953 668 exercitus,
983 622 1121 670 animo,
1138 622 1310 674 felicitate
1325 654 1338 674 ,

59 685 256 723 attHoritate
276 686 392 736 patri,
408 683 473 735 sed
485 685 635 720 nondum
657 693 837 720 vertentem
849 680 1033 733 fortunam
1049 696 1188 735 experto
1202 715 1213 732 ,
1224 686 1339 735 simil-

59 747 187 791 limus,
221 746 416 796 proximam
439 745 473 782 6»
493 745 591 795 quast
604 744 842 796 suburbanam
861 745 1081 796 provinciam
1116 757 1232 793 tenet,·
1264 760 1333 798 qua

61 807 155 845 nilzil
175 807 238 858 effe
258 807 366 858 potest
378 835 389 853 ,
409 818 478 843 tam
504 807 553 843 ad
572 805 818 856 excipiendos,
841 805 900 855 qui
922 806 992 843 vim
1016 806 1156 859 hostium
1165 806 1314 859 fugiunt
1325 836 1340 854 ,

59 883 163 922 quam
189 870 239 907 ad
260 868 499 920 infestandos,
526 866 585 917 qui
607 866 729 913 alunt,
749 867 971 906 commodius.

115 931 201 970 XL.
231 932 308 968 Nec
331 930 472 980 obscura
489 928 576 979 sunt
600 940 661 964 aut
685 929 868 980 ambigua,
884 943 957 980 quae
981 930 1126 969 dicimus
1143 947 1154 969 :
1176 932 1342 984 plurimo-

62 1007 137 1031 rum
159 993 393 1030 incolumitate
408 1021 422 1037 ‚
443 991 477 1028 δ’
499 1005 544 1026 ex
571 988 786 1038 acerb1ffimis
816 990 1070 1042 discriminibus
1092 1005 1222 1044 repente
1244 993 1342 1031 velut

59 1053 236 1091 divinitus
266 1052 386 1090 oblata
407 1050 550 1103 filule,
567 1050 664 1100 satis
687 1051 854 1102 fitperque
885 1052 1140 1101 confirmantur.
1181 1057 1276 1105 Quot
1294 1056 1344 1093 ad

59 1128 134 1151 eum
160 1113 405 1166 proscriptione
430 1112 575 1158 recenti,
598 1122 680 1161 quot
698 1111 816 1162 postea
842 1111 1101 1165 confugerunt?
1137 1115 1239 1153 hodie
1258 1130 1341 1166 quo-

60 1190 125 1228 que
160 1176 208 1211 ad
230 1188 303 1212 eum
340 1174 507 1224 confluere
539 1186 608 1209 non
642 1173 821 1223 desinunt,
856 1174 1045 1225 quicunque
1080 1187 1141 1212 aut
1176 1175 1344 1213 meliorem

60 1246 185 1288 optant
205 1234 397 1286 reipublicae
419 1234 568 1286 flatum,
592 1244 655 1270 aut
678 1236 912 1270 tantummodo
940 1235 1073 1272 militiae
1101 1234 1250 1287 lucrique
1278 1250 1345 1272 cu·-

55 1296 158 1348 pidi,
185 1308 297 1332 tamen
323 1294 464 1347 justiore
480 1294 548 1346 sub
575 1293 659 1330 duce
687 1293 802 1330 mereri
835 1293 977 1331 malunt.
1013 1295 1083 1331 Sed
1109 1295 1143 1332 6·
1160 1295 1346 1346 prudentia

63 1370 235 1409 rerumque
259 1357 322 1408 usit
353 1367 483 1394 tantum
513 1354 610 1392 valet
625 1383 636 1402 ‚
665 1366 702 1390 ut
722 1355 868 1392 modicis
893 1356 937 1392 ab
954 1356 1071 1392 initiis
1091 1355 1283 1407 progreſjits
1299 1356 1348 1394 ad

62 1418 152 1455 hanc
168 1416 361 1468 potentiam
372 1418 446 1465 fit,
473 1428 542 1466 qua
573 1415 840 1452 Triumvirorum
872 1427 1024 1467 apertum
1055 1416 1175 1467 hostem
1201 1418 1235 1454 ὁ·
1256 1432 1347 1469 pro-

57 1478 202 1528 fitetur,
227 1478 261 1516 6³
288 1475 469 1527 defendit:
498 1488 600 1527 atque
633 1476 721 1513 lzunc
746 1476 909 1528 Caesarem
936 1476 1069 1529 ejusque
1098 1478 1230 1530 legatos
1257 1480 1350 1518 nihil

63 1553 132 1577 non
154 1549 319 1576 conantes
340 1536 480 1587 fhrtiter
503 1551 526 1573 a
548 1535 676 1574 Sicilia
706 1536 860 1588 repuliffe
892 1551 961 1574 non
983 1550 1187 1586 contentus,
1211 1540 1248 1577 in
1266 1541 1342 1592 ipsa

64 1614 196 1651 quoque
226 1599 337 1637 ltalia
362 1597 481 1634 multis
510 1596 624 1649 affecit
652 1597 887 1636 incommodis.
916 1599 999 1636 Cum
1020 1600 1083 1638 hoc
1100 1601 1137 1651 fi
1154 1600 1345 1653 conjunga-

65 1677 143 1700 mus
166 1664 231 1700 lzas
258 1663 374 1709 vires,
398 1675 507 1713 ecquae
537 1660 598 1712 effi
622 1661 794 1700 dubitatio
822 1661 972 1712 poterit,
997 1662 1081 1712 quin
1103 1674 1205 1700 tanta
1231 1666 1346 1717 accesL

55 1725 154 1775 fione
179 1726 326 1771 nuestus,
352 1737 423 1760 non
447 1723 546 1760 modo
567 1723 608 1774 se
637 1723 761 1774 nosque
785 1724 893 1770 tueri,
919 1724 987 1774 fid
1011 1726 1115 1762 etiam
1139 1726 1184 1762 ab
1214 1726 1346 1779 injusta

68 1786 103 1822 T
98 1785 338 1823 riumvirorum
364 1785 597 1822 dominatione
635 1784 850 1823 vindicatam
879 1799 1070 1839 recuperare
1105 1788 1345 1840 rempublicam

62 1847 163 1901 ptfft
179 1850 201 1886 ,ρ

121 1908 220 1947 XLI.
253 1910 378 1948 Contra
401 1909 468 1946 haec
492 1907 686 1948 Domitius
716 1907 1015 1958 Ahenobarbus,
1048 1910 1185 1950 nobilis
1207 1913 1243 1951 &
1272 1912 1343 1953 fibi

66 1969 189 2009 fidens
212 1970 380 2019 juven-is,
399 1970 501 2009 hunc
522 1971 561 2009 in
586 1971 744 2010 modum
767 1971 958 2012 differuit:
989 1973 1079 2012 Diis
1095 1975 1344 2013 immortalibus

66 2033 175 2071 haheo
198 2046 330 2084 agoque
352 2034 512 2084 gratias,
538 2035 596 2084 qui
623 2035 770 2071 nondum
799 2034 851 2070 ita
881 2048 946 2071 nos
967 2035 1202 2087 deseruerunt,
1227 2047 1265 2073 ut
1286 2036 1347 2075 vel

68 2095 201 2139 animi,
226 2095 284 2131 vel
305 2095 435 2145 confilii
464 2108 642 2146 egeremus.
682 2095 795 2132 Tanta
822 2094 920 2133 clade
944 2094 1085 2147 percuffi'
1097 2126 1110 2142 ,
1135 2107 1247 2133 tamen
1274 2111 1345 2135 non

68 2157 139 2207 ntfi
165 2158 204 2194 de
228 2157 317 2194 bello
354 2156 591 2195 deliberamus.
623 2171 694 2195 una
720 2158 817 2195 modo
851 2158 1055 2210 consultatio
1081 2159 1146 2210 est,
1169 2173 1234 2209 quo
1260 2160 1346 2197 duce

62 2220 276 2272 propo-fitum
309 2231 492 2258 teneamus.
515 2220 635 2271 Atque
666 2220 799 2259 utinam
823 2221 909 2273 fizta
939 2222 1059 2273 nostris
1083 2221 1345 2272 imperatoribus

66 2280 306 2334 peperciffi’nt!
336 2282 463 2320 utrivis
490 2296 600 2319 eorum
628 2283 727 2334 potui
753 2283 839 2320 diuo
867 2283 926 2334 effe
950 2285 1121 2330 audiens,
1154 2282 1188 2319 δ’
1211 2283 1249 2319 in
1269 2282 1344 2333 ejus

67 2344 192 2381 virtute
208 2355 310 2394 atque
321 2345 542 2396 providentia
564 2345 783 2396 acquiescere.
806 2347 901 2392 Sed,
918 2346 973 2382 his
989 2346 1161 2395 sublatis,
1177 2345 1260 2382 novi
1288 2356 1343 2381 at·

71 2418 136 2456 quc
158 2404 328 2456 inexperti
352 2406 451 2443 ducis
469 2405 587 2458 subire
617 2405 813 2457 imperium,
844 2420 949 2459 neque
967 2404 1079 2458 facile
1109 2406 1152 2459 est
1173 2406 1342 2459 generosis

121 2511 145 2557 ς
169 2513 326 2551 xxx1x.
348 2514 437 2549 mor.
466 2525 507 2558 2,
530 2525 562 2550 α.
586 2514 609 2560 5
633 2488 713 2552 XL.⁴
729 2514 874 2559 Appiani
