<?xml version="1.0" encoding="UTF-8"?>
<!DOCTYPE html PUBLIC "-//W3C//DTD XHTML 1.0 Transitional//EN"
    "http://www.w3.org/TR/xhtml1/DTD/xhtml1-transitional.dtd">
<html xmlns="http://www.w3.org/1999/xhtml" xml:lang="en" lang="en">
 <head>
  <title>
</title>
<meta http-equiv="Content-Type" content="text/html;charset=utf-8" />
  <meta name='ocr-system' content='tesseract 3.04.00' />
  <meta name='ocr-capabilities' content='ocr_page ocr_carea ocr_par ocr_line ocrx_word'/>
</head>
<body>
  <div class='ocr_page' id='page_1' title='image "./historiarumlibri11livyuoft_0366.png"; bbox 0 0 1685 3042; ppageno 0'>
   <div class='ocr_carea' id='block_1_1' title="bbox 261 149 1474 248">
    <p class='ocr_par' dir='ltr' id='par_1_1' title="bbox 261 149 1474 248">
     <span class='ocr_line' id='line_1_1' title="bbox 261 149 1474 248; baseline 0.004 -19"><span class='ocrx_word' id='word_1_1' title='bbox 261 197 355 248; x_wconf 80' lang='lat'><strong>350</strong></span> <span class='ocrx_word' id='word_1_2' title='bbox 417 181 509 228; x_wconf 86' lang='lat' dir='ltr'><strong>Jo.</strong></span> <span class='ocrx_word' id='word_1_3' title='bbox 555 149 1474 234; x_wconf 62' lang='lat' dir='ltr'><strong>FRmNs‘HfflnsuppfflM}</strong></span> 
     </span>
    </p>
   </div>
   <div class='ocr_carea' id='block_1_2' title="bbox 250 289 1539 1701">
    <p class='ocr_par' dir='ltr' id='par_1_2' title="bbox 257 289 1538 586">
     <span class='ocr_line' id='line_1_2' title="bbox 261 289 1538 343; baseline 0.003 -15"><span class='ocrx_word' id='word_1_4' title='bbox 261 296 392 338; x_wconf 77' lang='lat' dir='ltr'><strong>erant,</strong></span> <span class='ocrx_word' id='word_1_5' title='bbox 429 291 466 329; x_wconf 70' lang='lat' dir='ltr'><strong>Sc</strong></span> <span class='ocrx_word' id='word_1_6' title='bbox 501 289 542 328; x_wconf 90' lang='lat' dir='ltr'><strong>in</strong></span> <span class='ocrx_word' id='word_1_7' title='bbox 573 289 676 329; x_wconf 82' lang='lat' dir='ltr'><strong>diem</strong></span> <span class='ocrx_word' id='word_1_8' title='bbox 718 289 940 341; x_wconf 72' lang='lat' dir='ltr'><strong>sequentem</strong></span> <span class='ocrx_word' id='word_1_9' title='bbox 972 290 1231 330; x_wconf 78' lang='lat' dir='ltr'>adornabatur</span> <span class='ocrx_word' id='word_1_10' title='bbox 1268 294 1538 343; x_wconf 65' lang='lat' dir='ltr'><strong>oppugnatio-3</strong></span> 
     </span>
     <span class='ocr_line' id='line_1_3' title="bbox 259 350 1538 404; baseline 0.002 -14"><span class='ocrx_word' id='word_1_11' title='bbox 259 364 402 401; x_wconf 80' lang='lat' dir='ltr'><strong>magno</strong></span> <span class='ocrx_word' id='word_1_12' title='bbox 433 350 564 390; x_wconf 87' lang='lat' dir='ltr'><strong>dolore</strong></span> <span class='ocrx_word' id='word_1_13' title='bbox 595 351 771 401; x_wconf 68' lang='lat' dir='ltr'><strong>Caesaris,</strong></span> <span class='ocrx_word' id='word_1_14' title='bbox 799 355 864 403; x_wconf 88' lang='lat' dir='ltr'><strong>qui</strong></span> <span class='ocrx_word' id='word_1_15' title='bbox 889 365 1003 403; x_wconf 88' lang='lat' dir='ltr'><strong>opem</strong></span> <span class='ocrx_word' id='word_1_16' title='bbox 1030 352 1126 391; x_wconf 83' lang='lat' dir='ltr'><strong>ferre</strong></span> <span class='ocrx_word' id='word_1_17' title='bbox 1159 352 1311 392; x_wconf 81' lang='lat' dir='ltr'><strong>obseffis</strong></span> <span class='ocrx_word' id='word_1_18' title='bbox 1341 353 1445 393; x_wconf 90' lang='lat' dir='ltr'><strong>nullo</strong></span> <span class='ocrx_word' id='word_1_19' title='bbox 1469 367 1538 404; x_wconf 83' lang='lat' dir='ltr'><strong>pa·-</strong></span> 
     </span>
     <span class='ocr_line' id='line_1_4' title="bbox 261 413 1535 468; baseline 0.002 -18"><span class='ocrx_word' id='word_1_20' title='bbox 261 415 323 451; x_wconf 67' lang='lat' dir='ltr'><strong>&lt;sto</strong></span> <span class='ocrx_word' id='word_1_21' title='bbox 346 423 526 462; x_wconf 79' lang='lat' dir='ltr'><strong>poterat3</strong></span> <span class='ocrx_word' id='word_1_22' title='bbox 554 425 643 452; x_wconf 88' lang='lat' dir='ltr'><strong>cum</strong></span> <span class='ocrx_word' id='word_1_23' title='bbox 669 413 736 453; x_wconf 86' lang='lat' dir='ltr'><strong>sub</strong></span> <span class='ocrx_word' id='word_1_24' title='bbox 762 417 940 463; x_wconf 66' lang='lat' dir='ltr'><strong>noctem,</strong></span> <span class='ocrx_word' id='word_1_25' title='bbox 962 415 997 452; x_wconf 66' lang='grc' dir='ltr'><strong>δ’</strong></span> <span class='ocrx_word' id='word_1_26' title='bbox 1015 416 1202 467; x_wconf 78' lang='lat' dir='ltr'><strong>Sipuntum</strong></span> <span class='ocrx_word' id='word_1_27' title='bbox 1223 417 1267 455; x_wconf 86' lang='lat' dir='ltr'><strong>ab</strong></span> <span class='ocrx_word' id='word_1_28' title='bbox 1295 417 1460 468; x_wconf 63' lang='lat' dir='ltr'><strong>Agrippa</strong></span> <span class='ocrx_word' id='word_1_29' title='bbox 1477 430 1535 462; x_wconf 46' lang='grc' dir='ltr'><strong>,νεά</strong></span> 
     </span>
     <span class='ocr_line' id='line_1_5' title="bbox 257 474 1535 531; baseline 0.002 -17"><span class='ocrx_word' id='word_1_30' title='bbox 257 487 389 528; x_wconf 76' lang='lat' dir='ltr'><strong>ceptam</strong></span> <span class='ocrx_word' id='word_1_31' title='bbox 426 474 511 527; x_wconf 72' lang='lat' dir='ltr'><strong>ff,</strong></span> <span class='ocrx_word' id='word_1_32' title='bbox 547 477 582 514; x_wconf 74' lang='lat'><strong>6&gt;</strong></span> <span class='ocrx_word' id='word_1_33' title='bbox 612 475 764 527; x_wconf 66' lang='lat' dir='ltr'><strong>rejec‘lum</strong></span> <span class='ocrx_word' id='word_1_34' title='bbox 795 492 818 514; x_wconf 86' lang='lat' dir='ltr'><em>a</em></span> <span class='ocrx_word' id='word_1_35' title='bbox 848 477 990 514; x_wconf 75' lang='lat' dir='ltr'><strong>Thuriis</strong></span> <span class='ocrx_word' id='word_1_36' title='bbox 1023 476 1224 530; x_wconf 85' lang='lat' dir='ltr'><strong>Pompejum</strong></span> <span class='ocrx_word' id='word_1_37' title='bbox 1250 480 1300 517; x_wconf 83' lang='lat' dir='ltr'><strong>ad</strong></span> <span class='ocrx_word' id='word_1_38' title='bbox 1321 479 1535 531; x_wconf 81' lang='lat' dir='ltr'><em>Consentiam</em></span> 
     </span>
     <span class='ocr_line' id='line_1_6' title="bbox 259 538 756 586; baseline 0.002 -9"><span class='ocrx_word' id='word_1_39' title='bbox 259 538 380 578; x_wconf 73' lang='lat' dir='ltr'><strong>hae&#39;rm</strong></span> <span class='ocrx_word' id='word_1_40' title='bbox 393 569 408 586; x_wconf 93' lang='lat'><strong><em>,</em></strong></span> <span class='ocrx_word' id='word_1_41' title='bbox 436 539 655 581; x_wconf 83' lang='lat' dir='ltr'><strong>&#39;nuntiatum</strong></span> <span class='ocrx_word' id='word_1_42' title='bbox 692 538 756 578; x_wconf 87' lang='lat' dir='ltr'><strong>est.</strong></span> 
     </span>
    </p>

    <p class='ocr_par' dir='ltr' id='par_1_3' title="bbox 250 605 1539 1701">
     <span class='ocr_line' id='line_1_7' title="bbox 324 605 1538 656; baseline 0.002 -10"><span class='ocrx_word' id='word_1_43' title='bbox 324 606 438 646; x_wconf 90' lang='lat' dir='ltr'>XIX.</span> <span class='ocrx_word' id='word_1_44' title='bbox 486 606 712 646; x_wconf 82' lang='lat' dir='ltr'>Commotus</span> <span class='ocrx_word' id='word_1_45' title='bbox 748 605 806 644; x_wconf 86' lang='lat' dir='ltr'><strong>his</strong></span> <span class='ocrx_word' id='word_1_46' title='bbox 839 606 1052 654; x_wconf 82' lang='lat' dir='ltr'><strong>Antonius,</strong></span> <span class='ocrx_word' id='word_1_47' title='bbox 1078 607 1275 656; x_wconf 84' lang='lat' dir='ltr'><strong>postquam</strong></span> <span class='ocrx_word' id='word_1_48' title='bbox 1305 610 1420 647; x_wconf 85' lang='lat' dir='ltr'><strong>etiam</strong></span> <span class='ocrx_word' id='word_1_49' title='bbox 1457 610 1538 648; x_wconf 82' lang='lat' dir='ltr'><strong>coe·</strong></span> 
     </span>
     <span class='ocr_line' id='line_1_8' title="bbox 256 666 1538 723; baseline 0.002 -18"><span class='ocrx_word' id='word_1_50' title='bbox 256 667 388 723; x_wconf 44' lang='lat' dir='ltr'><strong>nanti?</strong></span> <span class='ocrx_word' id='word_1_51' title='bbox 410 667 598 704; x_wconf 78' lang='lat' dir='ltr'><strong>Servilium</strong></span> <span class='ocrx_word' id='word_1_52' title='bbox 624 680 699 705; x_wconf 79' lang='lat' dir='ltr'><strong>cum</strong></span> <span class='ocrx_word' id='word_1_53' title='bbox 720 666 814 703; x_wconf 66' lang='lat' dir='ltr'><strong>mille</strong></span> <span class='ocrx_word' id='word_1_54' title='bbox 839 667 996 703; x_wconf 80' lang='lat' dir='ltr'><strong>ducentis</strong></span> <span class='ocrx_word' id='word_1_55' title='bbox 1016 667 1190 718; x_wconf 82' lang='lat' dir='ltr'><strong>equitibus</strong></span> <span class='ocrx_word' id='word_1_56' title='bbox 1208 669 1258 704; x_wconf 86' lang='lat' dir='ltr'><strong>ad</strong></span> <span class='ocrx_word' id='word_1_57' title='bbox 1279 669 1438 719; x_wconf 74' lang='lat' dir='ltr'><strong>Caefhrem</strong></span> <span class='ocrx_word' id='word_1_58' title='bbox 1453 683 1538 722; x_wconf 86' lang='lat' dir='ltr'><strong>pro-</strong></span> 
     </span>
     <span class='ocr_line' id='line_1_9' title="bbox 251 726 1537 780; baseline 0.003 -15"><span class='ocrx_word' id='word_1_59' title='bbox 251 729 384 780; x_wconf 75' lang='lat' dir='ltr'><strong>ficisci,</strong></span> <span class='ocrx_word' id='word_1_60' title='bbox 405 726 563 766; x_wconf 85' lang='lat' dir='ltr'><strong>allatum</strong></span> <span class='ocrx_word' id='word_1_61' title='bbox 581 727 657 775; x_wconf 78' lang='lat' dir='ltr'><strong>est3</strong></span> <span class='ocrx_word' id='word_1_62' title='bbox 684 727 870 776; x_wconf 81' lang='lat' dir='ltr'><strong>imperare</strong></span> <span class='ocrx_word' id='word_1_63' title='bbox 889 740 968 765; x_wconf 81' lang='lat' dir='ltr'><strong>non</strong></span> <span class='ocrx_word' id='word_1_64' title='bbox 992 727 1120 777; x_wconf 79' lang='lat' dir='ltr'><strong>potuit</strong></span> <span class='ocrx_word' id='word_1_65' title='bbox 1143 729 1294 776; x_wconf 83' lang='lat' dir='ltr'><strong>animo,</strong></span> <span class='ocrx_word' id='word_1_66' title='bbox 1322 730 1413 778; x_wconf 88' lang='lat' dir='ltr'><strong>quin</strong></span> <span class='ocrx_word' id='word_1_67' title='bbox 1440 730 1537 779; x_wconf 84' lang='lat' dir='ltr'><strong>hos,</strong></span> 
     </span>
     <span class='ocr_line' id='line_1_10' title="bbox 255 786 1536 839; baseline 0.002 -11"><span class='ocrx_word' id='word_1_68' title='bbox 255 789 381 828; x_wconf 75' lang='lat' dir='ltr'><strong>statim</strong></span> <span class='ocrx_word' id='word_1_69' title='bbox 406 788 537 826; x_wconf 84' lang='lat' dir='ltr'><strong>amicis</strong></span> <span class='ocrx_word' id='word_1_70' title='bbox 550 817 561 835; x_wconf 84' lang='lat'>‚</span> <span class='ocrx_word' id='word_1_71' title='bbox 578 788 643 836; x_wconf 90' lang='lat' dir='ltr'><strong>qui</strong></span> <span class='ocrx_word' id='word_1_72' title='bbox 668 786 793 826; x_wconf 85' lang='lat' dir='ltr'><strong>subito</strong></span> <span class='ocrx_word' id='word_1_73' title='bbox 820 790 942 838; x_wconf 82' lang='lat' dir='ltr'><strong>parati</strong></span> <span class='ocrx_word' id='word_1_74' title='bbox 961 789 1033 827; x_wconf 85' lang='lat' dir='ltr'><strong>effe</strong></span> <span class='ocrx_word' id='word_1_75' title='bbox 1053 796 1231 839; x_wconf 87' lang='lat' dir='ltr'>poterant</span> <span class='ocrx_word' id='word_1_76' title='bbox 1245 819 1257 837; x_wconf 89' lang='lat'>‚</span> <span class='ocrx_word' id='word_1_77' title='bbox 1276 789 1443 829; x_wconf 84' lang='lat' dir='ltr'><strong>affumtis</strong></span> <span class='ocrx_word' id='word_1_78' title='bbox 1461 822 1473 839; x_wconf 93' lang='lat'>,</span> <span class='ocrx_word' id='word_1_79' title='bbox 1497 793 1536 830; x_wconf 67' lang='grc' dir='ltr'><strong>δε</strong></span> 
     </span>
     <span class='ocr_line' id='line_1_11' title="bbox 259 850 1538 902; baseline 0 -12"><span class='ocrx_word' id='word_1_80' title='bbox 259 851 448 902; x_wconf 85' lang='lat' dir='ltr'><strong>equitibus</strong></span> <span class='ocrx_word' id='word_1_81' title='bbox 486 851 808 901; x_wconf 70' lang='lat' dir='ltr'>quadringentis,</span> <span class='ocrx_word' id='word_1_82' title='bbox 841 852 1062 890; x_wconf 85' lang='lat' dir='ltr'><strong>adoriretur.</strong></span> <span class='ocrx_word' id='word_1_83' title='bbox 1112 851 1209 890; x_wconf 91' lang='lat' dir='ltr'><strong>Cum</strong></span> <span class='ocrx_word' id='word_1_84' title='bbox 1243 852 1361 889; x_wconf 60' lang='lat' dir='ltr'><strong>noc‘tu</strong></span> <span class='ocrx_word' id='word_1_85' title='bbox 1391 850 1538 890; x_wconf 72' lang='lat' dir='ltr'><strong>fecisset</strong></span> 
     </span>
     <span class='ocr_line' id='line_1_12' title="bbox 255 909 1538 960; baseline 0 -10"><span class='ocrx_word' id='word_1_86' title='bbox 255 912 351 959; x_wconf 84' lang='lat' dir='ltr'><strong>iter,</strong></span> <span class='ocrx_word' id='word_1_87' title='bbox 389 911 528 960; x_wconf 86' lang='lat' dir='ltr'><strong>reperit</strong></span> <span class='ocrx_word' id='word_1_88' title='bbox 567 911 751 950; x_wconf 79' lang='lat' dir='ltr'><strong>cubantes</strong></span> <span class='ocrx_word' id='word_1_89' title='bbox 789 910 916 950; x_wconf 87' lang='lat' dir='ltr'><strong>adhuc</strong></span> <span class='ocrx_word' id='word_1_90' title='bbox 948 911 1047 949; x_wconf 83' lang='lat' dir='ltr'><strong>circa</strong></span> <span class='ocrx_word' id='word_1_91' title='bbox 1087 909 1274 960; x_wconf 86' lang='lat' dir='ltr'><strong>oppidum</strong></span> <span class='ocrx_word' id='word_1_92' title='bbox 1308 910 1462 958; x_wconf 85' lang='lat' dir='ltr'><strong>Uriam,</strong></span> <span class='ocrx_word' id='word_1_93' title='bbox 1499 912 1538 950; x_wconf 69' lang='grc' dir='ltr'><strong>ἃ</strong></span> 
     </span>
     <span class='ocr_line' id='line_1_13' title="bbox 255 971 1539 1025; baseline -0.003 -16"><span class='ocrx_word' id='word_1_94' title='bbox 255 971 451 1022; x_wconf 79' lang='lat' dir='ltr'><strong>praesentia</strong></span> <span class='ocrx_word' id='word_1_95' title='bbox 473 971 537 1010; x_wconf 88' lang='lat' dir='ltr'><strong>sua</strong></span> <span class='ocrx_word' id='word_1_96' title='bbox 564 973 714 1010; x_wconf 85' lang='lat' dir='ltr'><strong>territos</strong></span> <span class='ocrx_word' id='word_1_97' title='bbox 730 998 743 1015; x_wconf 89' lang='lat'>,</span> <span class='ocrx_word' id='word_1_98' title='bbox 768 971 1005 1021; x_wconf 77' lang='lat' dir='ltr'>(maximam</span> <span class='ocrx_word' id='word_1_99' title='bbox 1027 972 1131 1010; x_wconf 88' lang='lat' dir='ltr'><strong>enim</strong></span> <span class='ocrx_word' id='word_1_100' title='bbox 1145 1003 1159 1019; x_wconf 89' lang='lat'>‚</span> <span class='ocrx_word' id='word_1_101' title='bbox 1180 972 1236 1009; x_wconf 88' lang='lat' dir='ltr'><strong>uti</strong></span> <span class='ocrx_word' id='word_1_102' title='bbox 1251 971 1442 1025; x_wconf 79' lang='lat' dir='ltr'><strong>diximus,</strong></span> <span class='ocrx_word' id='word_1_103' title='bbox 1461 972 1539 1009; x_wconf 73' lang='lat' dir='ltr'><strong>exi-</strong></span> 
     </span>
     <span class='ocr_line' id='line_1_14' title="bbox 253 1029 1535 1083; baseline -0.003 -10"><span class='ocrx_word' id='word_1_104' title='bbox 253 1033 511 1073; x_wconf 76' lang='lat' dir='ltr'><strong>stimationem</strong></span> <span class='ocrx_word' id='word_1_105' title='bbox 538 1032 573 1071; x_wconf 89' lang='lat' dir='ltr'><strong>ei</strong></span> <span class='ocrx_word' id='word_1_106' title='bbox 606 1030 846 1080; x_wconf 80' lang='lat' dir='ltr'><strong>Philippense</strong></span> <span class='ocrx_word' id='word_1_107' title='bbox 875 1029 1053 1080; x_wconf 79' lang='lat' dir='ltr'><strong>proelium</strong></span> <span class='ocrx_word' id='word_1_108' title='bbox 1079 1032 1377 1083; x_wconf 80' lang='lat' dir='ltr'><strong>conciliaverat)</strong></span> <span class='ocrx_word' id='word_1_109' title='bbox 1403 1033 1535 1069; x_wconf 82' lang='lat' dir='ltr'><strong>OCCislS</strong></span> 
     </span>
     <span class='ocr_line' id='line_1_15' title="bbox 252 1091 1537 1143; baseline -0.002 -9"><span class='ocrx_word' id='word_1_110' title='bbox 252 1094 473 1143; x_wconf 79' lang='lat' dir='ltr'><strong>nonnullis,</strong></span> <span class='ocrx_word' id='word_1_111' title='bbox 497 1096 538 1134; x_wconf 88' lang='lat' dir='ltr'><strong>in</strong></span> <span class='ocrx_word' id='word_1_112' title='bbox 568 1094 808 1133; x_wconf 86' lang='lat' dir='ltr'><strong>deditionem</strong></span> <span class='ocrx_word' id='word_1_113' title='bbox 837 1092 1004 1141; x_wconf 82' lang='lat' dir='ltr'><strong>recepit,</strong></span> <span class='ocrx_word' id='word_1_114' title='bbox 1033 1091 1249 1141; x_wconf 85' lang='lat' dir='ltr'><strong>eodemque</strong></span> <span class='ocrx_word' id='word_1_115' title='bbox 1282 1092 1343 1130; x_wconf 87' lang='lat' dir='ltr'><strong>die</strong></span> <span class='ocrx_word' id='word_1_116' title='bbox 1378 1091 1537 1132; x_wconf 80' lang='lat' dir='ltr'><strong>deduxit</strong></span> 
     </span>
     <span class='ocr_line' id='line_1_16' title="bbox 254 1152 1536 1203; baseline -0.002 -7"><span class='ocrx_word' id='word_1_117' title='bbox 254 1158 296 1197; x_wconf 88' lang='lat' dir='ltr'><strong>in</strong></span> <span class='ocrx_word' id='word_1_118' title='bbox 329 1159 444 1196; x_wconf 78' lang='lat' dir='ltr'><strong>castra</strong></span> <span class='ocrx_word' id='word_1_119' title='bbox 484 1157 533 1195; x_wconf 88' lang='lat' dir='ltr'><strong>ad</strong></span> <span class='ocrx_word' id='word_1_120' title='bbox 567 1155 818 1195; x_wconf 74' lang='lat' dir='ltr'><strong>Brundisium.</strong></span> <span class='ocrx_word' id='word_1_121' title='bbox 871 1154 972 1193; x_wconf 88' lang='lat' dir='ltr'><strong>Hinc</strong></span> <span class='ocrx_word' id='word_1_122' title='bbox 1009 1165 1056 1191; x_wconf 82' lang='lat' dir='ltr'><strong>ex</strong></span> <span class='ocrx_word' id='word_1_123' title='bbox 1093 1154 1277 1203; x_wconf 82' lang='lat' dir='ltr'><strong>praetoriis</strong></span> <span class='ocrx_word' id='word_1_124' title='bbox 1313 1152 1536 1193; x_wconf 82' lang='lat' dir='ltr'><strong>cohortibus</strong></span> 
     </span>
     <span class='ocr_line' id='line_1_17' title="bbox 255 1214 1539 1267; baseline -0.002 -11"><span class='ocrx_word' id='word_1_125' title='bbox 255 1217 411 1256; x_wconf 85' lang='lat' dir='ltr'><strong>Antonii</strong></span> <span class='ocrx_word' id='word_1_126' title='bbox 443 1216 584 1255; x_wconf 85' lang='lat' dir='ltr'><strong>milites</strong></span> <span class='ocrx_word' id='word_1_127' title='bbox 615 1216 732 1267; x_wconf 80' lang='lat' dir='ltr'><strong>gloria</strong></span> <span class='ocrx_word' id='word_1_128' title='bbox 762 1216 874 1263; x_wconf 78' lang='lat' dir='ltr'><strong>elati,</strong></span> <span class='ocrx_word' id='word_1_129' title='bbox 897 1216 946 1254; x_wconf 87' lang='lat' dir='ltr'><strong>ad</strong></span> <span class='ocrx_word' id='word_1_130' title='bbox 973 1215 1089 1253; x_wconf 86' lang='lat' dir='ltr'><strong>castra</strong></span> <span class='ocrx_word' id='word_1_131' title='bbox 1116 1214 1268 1254; x_wconf 82' lang='lat' dir='ltr'><strong>Caesaris</strong></span> <span class='ocrx_word' id='word_1_132' title='bbox 1299 1215 1539 1254; x_wconf 77' lang='lat' dir='ltr'><strong>accedebant:</strong></span> 
     </span>
     <span class='ocr_line' id='line_1_18' title="bbox 255 1275 1536 1330; baseline -0.001 -13"><span class='ocrx_word' id='word_1_133' title='bbox 255 1278 364 1318; x_wconf 86' lang='lat' dir='ltr'><strong>fimul</strong></span> <span class='ocrx_word' id='word_1_134' title='bbox 401 1279 533 1328; x_wconf 85' lang='lat' dir='ltr'><strong>pauci,</strong></span> <span class='ocrx_word' id='word_1_135' title='bbox 567 1278 898 1317; x_wconf 86' lang='lat' dir='ltr'><strong>commilitonibus</strong></span> <span class='ocrx_word' id='word_1_136' title='bbox 929 1277 1125 1330; x_wconf 84' lang='lat' dir='ltr'><strong>quondam</strong></span> <span class='ocrx_word' id='word_1_137' title='bbox 1157 1275 1230 1316; x_wconf 85' lang='lat' dir='ltr'><strong>suis</strong></span> <span class='ocrx_word' id='word_1_138' title='bbox 1261 1276 1536 1326; x_wconf 82' lang='lat' dir='ltr'><strong>exprobrantes</strong></span> 
     </span>
     <span class='ocr_line' id='line_1_19' title="bbox 254 1333 1535 1394; baseline -0.002 -15"><span class='ocrx_word' id='word_1_139' title='bbox 254 1340 385 1394; x_wconf 80' lang='lat' dir='ltr'><strong>ingrati</strong></span> <span class='ocrx_word' id='word_1_140' title='bbox 407 1341 516 1378; x_wconf 82' lang='lat' dir='ltr'><strong>animi</strong></span> <span class='ocrx_word' id='word_1_141' title='bbox 539 1341 662 1378; x_wconf 79' lang='lat' dir='ltr'><strong>vitium</strong></span> <span class='ocrx_word' id='word_1_142' title='bbox 679 1371 692 1386; x_wconf 95' lang='lat'><strong><em>,</em></strong></span> <span class='ocrx_word' id='word_1_143' title='bbox 718 1341 804 1391; x_wconf 82' lang='lat' dir='ltr'><strong>qui,</strong></span> <span class='ocrx_word' id='word_1_144' title='bbox 834 1333 989 1389; x_wconf 65' lang='lat' dir='ltr'><strong>Caffiimo</strong></span> <span class='ocrx_word' id='word_1_145' title='bbox 1015 1339 1103 1376; x_wconf 83' lang='lat' dir='ltr'><strong>bello</strong></span> <span class='ocrx_word' id='word_1_146' title='bbox 1119 1339 1255 1391; x_wconf 77' lang='lat' dir='ltr'><strong>servati</strong></span> <span class='ocrx_word' id='word_1_147' title='bbox 1283 1339 1326 1376; x_wconf 83' lang='lat' dir='ltr'><strong>ab</strong></span> <span class='ocrx_word' id='word_1_148' title='bbox 1341 1339 1504 1378; x_wconf 79' lang='lat' dir='ltr'><strong>Antonio</strong></span> <span class='ocrx_word' id='word_1_149' title='bbox 1520 1369 1535 1386; x_wconf 87' lang='lat'>‚</span> 
     </span>
     <span class='ocr_line' id='line_1_20' title="bbox 254 1400 1535 1455; baseline -0.002 -12"><span class='ocrx_word' id='word_1_150' title='bbox 254 1406 348 1443; x_wconf 80' lang='lat' dir='ltr'><strong>hanc</strong></span> <span class='ocrx_word' id='word_1_151' title='bbox 378 1403 408 1442; x_wconf 81' lang='lat' dir='ltr'><strong>ei</strong></span> <span class='ocrx_word' id='word_1_152' title='bbox 440 1403 547 1441; x_wconf 80' lang='lat' dir='ltr'><strong>vicem</strong></span> <span class='ocrx_word' id='word_1_153' title='bbox 582 1403 737 1453; x_wconf 73' lang='lat' dir='ltr'><strong>beneficii</strong></span> <span class='ocrx_word' id='word_1_154' title='bbox 768 1404 996 1455; x_wconf 78' lang='lat' dir='ltr'><strong>rependerent.</strong></span> <span class='ocrx_word' id='word_1_155' title='bbox 1043 1400 1185 1440; x_wconf 87' lang='lat' dir='ltr'><strong>Contra</strong></span> <span class='ocrx_word' id='word_1_156' title='bbox 1217 1400 1459 1450; x_wconf 80' lang='lat' dir='ltr'><strong>regerebatur</strong></span> <span class='ocrx_word' id='word_1_157' title='bbox 1495 1401 1535 1440; x_wconf 84' lang='lat' dir='ltr'><strong>in</strong></span> 
     </span>
     <span class='ocr_line' id='line_1_21' title="bbox 255 1463 1534 1518; baseline -0.002 -15"><span class='ocrx_word' id='word_1_158' title='bbox 255 1466 454 1504; x_wconf 76' lang='lat' dir='ltr'><strong>Antonium</strong></span> <span class='ocrx_word' id='word_1_159' title='bbox 482 1466 584 1515; x_wconf 76' lang='lat' dir='ltr'><strong>culpa</strong></span> <span class='ocrx_word' id='word_1_160' title='bbox 603 1494 615 1510; x_wconf 82' lang='lat'>‚</span> <span class='ocrx_word' id='word_1_161' title='bbox 643 1464 771 1516; x_wconf 75' lang='lat' dir='ltr'><strong>foedere</strong></span> <span class='ocrx_word' id='word_1_162' title='bbox 800 1464 900 1516; x_wconf 64' lang='lat' dir='ltr'><strong>saffo</strong></span> <span class='ocrx_word' id='word_1_163' title='bbox 934 1478 1009 1518; x_wconf 64' lang='lat' dir='ltr'><strong>curn</strong></span> <span class='ocrx_word' id='word_1_164' title='bbox 1037 1463 1224 1515; x_wconf 82' lang='lat' dir='ltr'><strong>parricidis</strong></span> <span class='ocrx_word' id='word_1_165' title='bbox 1256 1464 1290 1501; x_wconf 68' lang='grc' dir='ltr'><strong>δ’</strong></span> <span class='ocrx_word' id='word_1_166' title='bbox 1328 1463 1534 1515; x_wconf 76' lang='lat' dir='ltr'><strong>exfitlibus,</strong></span> 
     </span>
     <span class='ocr_line' id='line_1_22' title="bbox 250 1523 1536 1580; baseline -0.001 -16"><span class='ocrx_word' id='word_1_167' title='bbox 250 1529 470 1580; x_wconf 78' lang='lat' dir='ltr'><strong>prodentem,</strong></span> <span class='ocrx_word' id='word_1_168' title='bbox 493 1540 556 1579; x_wconf 86' lang='lat' dir='ltr'><strong>pro</strong></span> <span class='ocrx_word' id='word_1_169' title='bbox 579 1526 704 1578; x_wconf 70' lang='lat' dir='ltr'><strong>quibus</strong></span> <span class='ocrx_word' id='word_1_170' title='bbox 730 1526 801 1578; x_wconf 68' lang='lat' dir='ltr'><strong>ipse}</strong></span> <span class='ocrx_word' id='word_1_171' title='bbox 822 1523 1055 1578; x_wconf 62' lang='lat' dir='ltr'><strong>pugnavzſjbt.</strong></span> <span class='ocrx_word' id='word_1_172' title='bbox 1086 1524 1155 1564; x_wconf 81' lang='lat' dir='ltr'><strong>His</strong></span> <span class='ocrx_word' id='word_1_173' title='bbox 1182 1523 1383 1575; x_wconf 79' lang='lat' dir='ltr'><strong>colloquiis</strong></span> <span class='ocrx_word' id='word_1_174' title='bbox 1409 1523 1536 1565; x_wconf 51' lang='lat' dir='ltr'><strong>hacle-</strong></span> 
     </span>
     <span class='ocr_line' id='line_1_23' title="bbox 254 1583 1539 1636; baseline -0.001 -12"><span class='ocrx_word' id='word_1_175' title='bbox 254 1598 326 1625; x_wconf 87' lang='lat' dir='ltr'><strong>nus</strong></span> <span class='ocrx_word' id='word_1_176' title='bbox 352 1595 484 1625; x_wconf 82' lang='lat' dir='ltr'><strong>tamen</strong></span> <span class='ocrx_word' id='word_1_177' title='bbox 519 1585 763 1636; x_wconf 70' lang='lat' dir='ltr'><strong>profectum,</strong></span> <span class='ocrx_word' id='word_1_178' title='bbox 799 1594 841 1624; x_wconf 88' lang='lat' dir='ltr'><strong>ut</strong></span> <span class='ocrx_word' id='word_1_179' title='bbox 870 1583 1070 1624; x_wconf 67' lang='lat' dir='ltr'><strong>Caesariani</strong></span> <span class='ocrx_word' id='word_1_180' title='bbox 1096 1583 1332 1635; x_wconf 79' lang='lat' dir='ltr'><strong>propositum</strong></span> <span class='ocrx_word' id='word_1_181' title='bbox 1356 1583 1467 1623; x_wconf 86' lang='lat' dir='ltr'><strong>suum</strong></span> <span class='ocrx_word' id='word_1_182' title='bbox 1497 1587 1539 1623; x_wconf 71' lang='lat' dir='ltr'><strong>in</strong></span> 
     </span>
     <span class='ocr_line' id='line_1_24' title="bbox 255 1647 1326 1701; baseline -0.001 -12"><span class='ocrx_word' id='word_1_183' title='bbox 255 1651 455 1689; x_wconf 81' lang='lat' dir='ltr'><strong>reducendis</strong></span> <span class='ocrx_word' id='word_1_184' title='bbox 489 1652 538 1687; x_wconf 85' lang='lat' dir='ltr'><strong>ad</strong></span> <span class='ocrx_word' id='word_1_185' title='bbox 563 1650 781 1688; x_wconf 83' lang='lat' dir='ltr'><strong>concordiam</strong></span> <span class='ocrx_word' id='word_1_186' title='bbox 812 1648 1073 1701; x_wconf 78' lang='lat' dir='ltr'><strong>imperatoribus</strong></span> <span class='ocrx_word' id='word_1_187' title='bbox 1103 1647 1326 1688; x_wconf 82' lang='lat' dir='ltr'><strong>faterentur.</strong></span> 
     </span>
    </p>
   </div>
   <div class='ocr_carea' id='block_1_3' title="bbox 254 1716 1537 2391">
    <p class='ocr_par' dir='ltr' id='par_1_4' title="bbox 254 1716 1537 2391">
     <span class='ocr_line' id='line_1_25' title="bbox 310 1716 1537 1760; baseline 0.001 -2"><span class='ocrx_word' id='word_1_188' title='bbox 310 1718 405 1758; x_wconf 88' lang='lat' dir='ltr'><strong>XX.</strong></span> <span class='ocrx_word' id='word_1_189' title='bbox 427 1718 530 1757; x_wconf 88' lang='lat' dir='ltr'><strong>Inter</strong></span> <span class='ocrx_word' id='word_1_190' title='bbox 563 1717 647 1757; x_wconf 85' lang='lat' dir='ltr'><strong>haec</strong></span> <span class='ocrx_word' id='word_1_191' title='bbox 673 1719 720 1757; x_wconf 90' lang='lat' dir='ltr'><strong>de</strong></span> <span class='ocrx_word' id='word_1_192' title='bbox 744 1726 866 1757; x_wconf 85' lang='lat' dir='ltr'><strong>morte</strong></span> <span class='ocrx_word' id='word_1_193' title='bbox 892 1716 1034 1757; x_wconf 84' lang='lat' dir='ltr'><strong>Fulviae</strong></span> <span class='ocrx_word' id='word_1_194' title='bbox 1061 1719 1214 1758; x_wconf 87' lang='lat' dir='ltr'><strong>nuntius</strong></span> <span class='ocrx_word' id='word_1_195' title='bbox 1248 1719 1298 1758; x_wconf 83' lang='lat' dir='ltr'><strong>ad</strong></span> <span class='ocrx_word' id='word_1_196' title='bbox 1328 1720 1537 1760; x_wconf 85' lang='lat' dir='ltr'><strong>Antonium</strong></span> 
     </span>
     <span class='ocr_line' id='line_1_26' title="bbox 255 1779 1537 1832; baseline 0.002 -14"><span class='ocrx_word' id='word_1_197' title='bbox 255 1781 365 1819; x_wconf 88' lang='lat' dir='ltr'><strong>venit</strong></span> <span class='ocrx_word' id='word_1_198' title='bbox 381 1808 393 1827; x_wconf 77' lang='lat'>‚</span> <span class='ocrx_word' id='word_1_199' title='bbox 418 1780 479 1818; x_wconf 93' lang='lat' dir='ltr'><strong>cui</strong></span> <span class='ocrx_word' id='word_1_200' title='bbox 508 1779 644 1818; x_wconf 87' lang='lat' dir='ltr'><strong>eadem</strong></span> <span class='ocrx_word' id='word_1_201' title='bbox 670 1779 873 1827; x_wconf 70' lang='lat' dir='ltr'><strong>moestitia,</strong></span> <span class='ocrx_word' id='word_1_202' title='bbox 898 1793 980 1829; x_wconf 80' lang='lat' dir='ltr'><strong>quae</strong></span> <span class='ocrx_word' id='word_1_203' title='bbox 1012 1779 1135 1819; x_wconf 87' lang='lat' dir='ltr'><strong>morbi</strong></span> <span class='ocrx_word' id='word_1_204' title='bbox 1161 1780 1268 1820; x_wconf 83' lang='lat' dir='ltr'><strong>causa</strong></span> <span class='ocrx_word' id='word_1_205' title='bbox 1295 1780 1443 1830; x_wconf 86' lang='lat' dir='ltr'><strong>fuerat,</strong></span> <span class='ocrx_word' id='word_1_206' title='bbox 1467 1795 1537 1832; x_wconf 87' lang='lat' dir='ltr'><strong>po-</strong></span> 
     </span>
     <span class='ocr_line' id='line_1_27' title="bbox 256 1841 1535 1892; baseline 0.001 -11"><span class='ocrx_word' id='word_1_207' title='bbox 256 1841 392 1881; x_wconf 84' lang='lat' dir='ltr'><strong>stremo</strong></span> <span class='ocrx_word' id='word_1_208' title='bbox 421 1842 538 1882; x_wconf 87' lang='lat' dir='ltr'><strong>vitam</strong></span> <span class='ocrx_word' id='word_1_209' title='bbox 569 1842 716 1880; x_wconf 84' lang='lat' dir='ltr'><strong>ademit</strong></span> <span class='ocrx_word' id='word_1_210' title='bbox 749 1842 914 1892; x_wconf 80' lang='lat' dir='ltr'><strong>Sicyone</strong></span> <span class='ocrx_word' id='word_1_211' title='bbox 938 1854 946 1880; x_wconf 91' lang='lat'><strong>:</strong></span> <span class='ocrx_word' id='word_1_212' title='bbox 973 1854 1054 1891; x_wconf 78' lang='lat' dir='ltr'><strong>quae</strong></span> <span class='ocrx_word' id='word_1_213' title='bbox 1082 1853 1139 1880; x_wconf 89' lang='lat' dir='ltr'><strong>res</strong></span> <span class='ocrx_word' id='word_1_214' title='bbox 1173 1844 1323 1892; x_wconf 84' lang='lat' dir='ltr'><strong>aperuit</strong></span> <span class='ocrx_word' id='word_1_215' title='bbox 1346 1843 1535 1882; x_wconf 81' lang='lat' dir='ltr'><strong>reducen-</strong></span> 
     </span>
     <span class='ocr_line' id='line_1_28' title="bbox 257 1903 1531 1956; baseline 0.003 -14"><span class='ocrx_word' id='word_1_216' title='bbox 257 1903 315 1943; x_wconf 85' lang='lat' dir='ltr'><strong>dae</strong></span> <span class='ocrx_word' id='word_1_217' title='bbox 353 1905 440 1954; x_wconf 85' lang='lat' dir='ltr'><strong>paci</strong></span> <span class='ocrx_word' id='word_1_218' title='bbox 475 1905 589 1943; x_wconf 87' lang='lat' dir='ltr'><strong>viam.</strong></span> <span class='ocrx_word' id='word_1_219' title='bbox 629 1904 742 1944; x_wconf 86' lang='lat' dir='ltr'><strong>Forte</strong></span> <span class='ocrx_word' id='word_1_220' title='bbox 778 1904 818 1944; x_wconf 87' lang='lat' dir='ltr'><strong>L.</strong></span> <span class='ocrx_word' id='word_1_221' title='bbox 847 1904 1030 1952; x_wconf 77' lang='lat' dir='ltr'><strong>Cocceius</strong></span> <span class='ocrx_word' id='word_1_222' title='bbox 1065 1905 1221 1952; x_wconf 86' lang='lat' dir='ltr'><strong>Nerva,</strong></span> <span class='ocrx_word' id='word_1_223' title='bbox 1256 1907 1364 1955; x_wconf 89' lang='lat' dir='ltr'><strong>cujus</strong></span> <span class='ocrx_word' id='word_1_224' title='bbox 1403 1906 1531 1956; x_wconf 81' lang='lat' dir='ltr'><strong>postea</strong></span> 
     </span>
     <span class='ocr_line' id='line_1_29' title="bbox 255 1968 1534 2019; baseline 0.003 -14"><span class='ocrx_word' id='word_1_225' title='bbox 255 1979 449 2018; x_wconf 82' lang='lat' dir='ltr'><strong>pronepos</strong></span> <span class='ocrx_word' id='word_1_226' title='bbox 481 1968 684 2016; x_wconf 85' lang='lat' dir='ltr'><strong>imperavit</strong></span> <span class='ocrx_word' id='word_1_227' title='bbox 706 1968 860 2014; x_wconf 72' lang='lat' dir='ltr'><strong>Romae,</strong></span> <span class='ocrx_word' id='word_1_228' title='bbox 891 1970 1104 2008; x_wconf 87' lang='lat' dir='ltr'><strong>cummunis</strong></span> <span class='ocrx_word' id='word_1_229' title='bbox 1137 1970 1411 2019; x_wconf 78' lang='lat' dir='ltr'><strong>imperatorum</strong></span> <span class='ocrx_word' id='word_1_230' title='bbox 1441 1971 1534 2009; x_wconf 85' lang='lat' dir='ltr'><strong>ami-</strong></span> 
     </span>
     <span class='ocr_line' id='line_1_30' title="bbox 255 2027 1535 2078; baseline 0.002 -11"><span class='ocrx_word' id='word_1_231' title='bbox 255 2040 348 2074; x_wconf 81' lang='lat' dir='ltr'><strong>cuS,</strong></span> <span class='ocrx_word' id='word_1_232' title='bbox 386 2027 488 2077; x_wconf 85' lang='lat' dir='ltr'><strong>apud</strong></span> <span class='ocrx_word' id='word_1_233' title='bbox 518 2028 729 2068; x_wconf 86' lang='lat' dir='ltr'><strong>Antonium</strong></span> <span class='ocrx_word' id='word_1_234' title='bbox 767 2030 1097 2078; x_wconf 81' lang='lat' dir='ltr'><strong>commorabatur,</strong></span> <span class='ocrx_word' id='word_1_235' title='bbox 1125 2032 1174 2070; x_wconf 86' lang='lat' dir='ltr'><strong>ad</strong></span> <span class='ocrx_word' id='word_1_236' title='bbox 1200 2044 1289 2070; x_wconf 88' lang='lat' dir='ltr'><strong>eum</strong></span> <span class='ocrx_word' id='word_1_237' title='bbox 1320 2031 1444 2070; x_wconf 82' lang='lat' dir='ltr'><strong>aestate</strong></span> <span class='ocrx_word' id='word_1_238' title='bbox 1478 2031 1535 2071; x_wconf 79' lang='lat' dir='ltr'><strong>su-</strong></span> 
     </span>
     <span class='ocr_line' id='line_1_31' title="bbox 255 2088 1534 2139; baseline 0.005 -13"><span class='ocrx_word' id='word_1_239' title='bbox 255 2088 562 2139; x_wconf 76' lang='lat' dir='ltr'><strong>periore-missus</strong></span> <span class='ocrx_word' id='word_1_240' title='bbox 600 2103 621 2128; x_wconf 90' lang='lat' dir='ltr'>a</span> <span class='ocrx_word' id='word_1_241' title='bbox 658 2089 829 2138; x_wconf 73' lang='lat' dir='ltr'><strong>Caesare,</strong></span> <span class='ocrx_word' id='word_1_242' title='bbox 867 2103 955 2130; x_wconf 89' lang='lat' dir='ltr'><strong>cum</strong></span> <span class='ocrx_word' id='word_1_243' title='bbox 987 2092 1136 2131; x_wconf 61' lang='lat' dir='ltr'><strong>Caecina</strong></span> <span class='ocrx_word' id='word_1_244' title='bbox 1167 2091 1416 2131; x_wconf 76' lang='lat' dir='ltr'><strong>Volaterrano</strong></span> <span class='ocrx_word' id='word_1_245' title='bbox 1455 2092 1534 2133; x_wconf 87' lang='lat' dir='ltr'><strong>Cae-</strong></span> 
     </span>
     <span class='ocr_line' id='line_1_32' title="bbox 254 2150 1531 2204; baseline 0 -13"><span class='ocrx_word' id='word_1_246' title='bbox 254 2151 346 2191; x_wconf 80' lang='lat' dir='ltr'><strong>saris</strong></span> <span class='ocrx_word' id='word_1_247' title='bbox 383 2150 571 2190; x_wconf 86' lang='lat' dir='ltr'><strong>familiari.</strong></span> <span class='ocrx_word' id='word_1_248' title='bbox 618 2152 692 2192; x_wconf 89' lang='lat' dir='ltr'><strong>Hic</strong></span> <span class='ocrx_word' id='word_1_249' title='bbox 726 2154 838 2203; x_wconf 78' lang='lat' dir='ltr'><strong>igitur</strong></span> <span class='ocrx_word' id='word_1_250' title='bbox 875 2155 1037 2203; x_wconf 73' lang='lat' dir='ltr'><strong>experiri</strong></span> <span class='ocrx_word' id='word_1_251' title='bbox 1068 2155 1245 2204; x_wconf 81' lang='lat' dir='ltr'><strong>cupiens,</strong></span> <span class='ocrx_word' id='word_1_252' title='bbox 1282 2154 1375 2203; x_wconf 88' lang='lat' dir='ltr'><strong>quid</strong></span> <span class='ocrx_word' id='word_1_253' title='bbox 1412 2154 1452 2193; x_wconf 91' lang='lat' dir='ltr'><strong>in</strong></span> <span class='ocrx_word' id='word_1_254' title='bbox 1483 2166 1531 2192; x_wconf 87' lang='lat' dir='ltr'><strong>eo</strong></span> 
     </span>
     <span class='ocr_line' id='line_1_33' title="bbox 255 2213 1532 2266; baseline 0 -14"><span class='ocrx_word' id='word_1_255' title='bbox 255 2214 442 2264; x_wconf 85' lang='lat' dir='ltr'><strong>temporis</strong></span> <span class='ocrx_word' id='word_1_256' title='bbox 475 2213 633 2252; x_wconf 87' lang='lat' dir='ltr'><strong>articulo</strong></span> <span class='ocrx_word' id='word_1_257' title='bbox 666 2214 714 2254; x_wconf 89' lang='lat' dir='ltr'><strong>ad</strong></span> <span class='ocrx_word' id='word_1_258' title='bbox 749 2215 982 2254; x_wconf 73' lang='lat' dir='ltr'><strong>sarciendam</strong></span> <span class='ocrx_word' id='word_1_259' title='bbox 1015 2217 1171 2266; x_wconf 77' lang='lat' dir='ltr'><strong>gratiam</strong></span> <span class='ocrx_word' id='word_1_260' title='bbox 1200 2214 1281 2253; x_wconf 84' lang='lat' dir='ltr'><strong>fieri</strong></span> <span class='ocrx_word' id='word_1_261' title='bbox 1313 2214 1454 2264; x_wconf 81' lang='lat' dir='ltr'><strong>poss&#39;et,</strong></span> <span class='ocrx_word' id='word_1_262' title='bbox 1480 2229 1532 2252; x_wconf 83' lang='lat' dir='ltr'><strong>re-</strong></span> 
     </span>
     <span class='ocr_line' id='line_1_34' title="bbox 254 2274 1531 2327; baseline 0.001 -14"><span class='ocrx_word' id='word_1_263' title='bbox 254 2286 416 2313; x_wconf 75' lang='lat' dir='ltr'><strong>vocatum</strong></span> <span class='ocrx_word' id='word_1_264' title='bbox 438 2277 478 2327; x_wconf 81' lang='lat' dir='ltr'><strong>se</strong></span> <span class='ocrx_word' id='word_1_265' title='bbox 503 2274 649 2324; x_wconf 82' lang='lat' dir='ltr'><strong>fingens</strong></span> <span class='ocrx_word' id='word_1_266' title='bbox 679 2289 700 2315; x_wconf 90' lang='lat' dir='ltr'>a</span> <span class='ocrx_word' id='word_1_267' title='bbox 735 2276 905 2325; x_wconf 77' lang='lat' dir='ltr'><strong>Caesare,</strong></span> <span class='ocrx_word' id='word_1_268' title='bbox 935 2289 1023 2315; x_wconf 86' lang='lat' dir='ltr'><strong>cum</strong></span> <span class='ocrx_word' id='word_1_269' title='bbox 1058 2277 1337 2324; x_wconf 77' lang='lat' dir='ltr'><strong>dimitteretur,</strong></span> <span class='ocrx_word' id='word_1_270' title='bbox 1370 2277 1531 2314; x_wconf 82' lang='lat' dir='ltr'><strong>interro-</strong></span> 
     </span>
     <span class='ocr_line' id='line_1_35' title="bbox 256 2335 1532 2391; baseline 0.001 -18"><span class='ocrx_word' id='word_1_271' title='bbox 256 2336 363 2384; x_wconf 82' lang='lat' dir='ltr'><strong>gavit</strong></span> <span class='ocrx_word' id='word_1_272' title='bbox 394 2335 626 2385; x_wconf 83' lang='lat' dir='ltr'><strong>Antonium,</strong></span> <span class='ocrx_word' id='word_1_273' title='bbox 657 2339 779 2391; x_wconf 82' lang='lat' dir='ltr'><strong>ecquid</strong></span> <span class='ocrx_word' id='word_1_274' title='bbox 808 2340 890 2378; x_wconf 85' lang='lat' dir='ltr'><strong>dare</strong></span> <span class='ocrx_word' id='word_1_275' title='bbox 916 2338 1090 2378; x_wconf 74' lang='lat' dir='ltr'><strong>literarum</strong></span> <span class='ocrx_word' id='word_1_276' title='bbox 1119 2339 1168 2378; x_wconf 79' lang='lat' dir='ltr'><strong>ad</strong></span> <span class='ocrx_word' id='word_1_277' title='bbox 1207 2337 1370 2389; x_wconf 56' lang='lat' dir='ltr'><strong>Caesarem</strong></span> <span class='ocrx_word' id='word_1_278' title='bbox 1391 2337 1532 2386; x_wconf 53' lang='lat' dir='ltr'><strong>velletfi</strong></span> 
     </span>
    </p>
   </div>
   <div class='ocr_carea' id='block_1_4' title="bbox 300 2474 724 2522">
    <p class='ocr_par' dir='ltr' id='par_1_5' title="bbox 300 2474 724 2522">
     <span class='ocr_line' id='line_1_36' title="bbox 300 2474 724 2522; baseline 0.009 -14"><span class='ocrx_word' id='word_1_279' title='bbox 300 2474 326 2519; x_wconf 70' lang='lat'><strong>5</strong></span> <span class='ocrx_word' id='word_1_280' title='bbox 360 2474 452 2511; x_wconf 85' lang='lat' dir='ltr'>XIX.</span> <span class='ocrx_word' id='word_1_281' title='bbox 473 2474 554 2511; x_wconf 85' lang='lat' dir='ltr'><strong>Dio.</strong></span> <span class='ocrx_word' id='word_1_282' title='bbox 578 2476 724 2522; x_wconf 75' lang='lat' dir='ltr'><strong>Appian-</strong></span> 
     </span>
    </p>
   </div>
   <div class='ocr_carea' id='block_1_5' title="bbox 1621 0 1681 3042">
    <p class='ocr_par' dir='ltr' id='par_1_6' title="bbox 1621 0 1681 3042">
     <span class='ocr_line' id='line_1_37' title="bbox 1621 0 1681 3042; baseline 0 0"><span class='ocrx_word' id='word_1_283' title='bbox 1621 0 1681 3042; x_wconf 95' lang='lat' dir='ltr'><strong> </strong></span> 
     </span>
    </p>
   </div>
  </div>
 </body>
</html>
