1685 3042
282 225 382 273 324
447 207 540 253 JO.
580 205 1072 255 FREINSHEMII
1113 207 1476 255 SUPPLEM.

280 316 338 356 xit
367 315 615 361 convivium,
638 321 682 352 ut
712 312 884 353 hesterna
915 327 990 365 prae
1019 303 1077 353 his
1104 324 1219 365 parva
1253 317 1288 355 &
1324 314 1569 366 vulgaria-vi-

280 377 474 417 derentur.
499 376 715 423 iterumque
738 373 791 413 illi
816 384 941 413 cetera
969 375 1098 414 omnia
1124 376 1256 421 dedit,
1279 376 1410 414 amicis
1436 384 1566 417 autem

278 441 362 488 ejus
388 445 501 488 atque
538 435 724 483 ducibus,
748 435 893 484 lenos,
920 437 959 475 in
992 437 1130 486 quibus
1165 436 1446 485 accubuerant,
1475 449 1566 476 cum

276 500 430 553 poculis
465 499 612 546 aureis,
645 497 782 549 quibus
812 498 1066 538 ministratum
1100 500 1237 548 cuique
1269 499 1408 539 fuerat.
1447 498 1569 537 disce-

278 563 458 603 dentibus
493 554 635 602 deinde
673 573 750 610 pro‘
790 560 977 609 dignitate
1017 560 1200 611 cujusque
1235 562 1376 611 partim
1413 561 1567 600 lefficas

275 639 368 666 cum
403 624 605 664 leericariis
641 622 749 661 dedit
782 622 914 669 dono,
941 621 1134 672 plerisque
1169 635 1287 672 equos
1318 636 1407 674 cum
1433 637 1568 673 argen-

273 690 347 730 teis
382 686 572 738 phaleris,
610 697 749 734 pueros
784 692 912 722 autem
947 682 1148 734 AEthiopas
1186 684 1234 722 ad
1279 685 1567 734 praelucendum

273 750 469 791 omnibus.
505 749 608 788 Tum
644 745 804 786 viciffim
844 746 999 795 excepit
1027 758 1114 784 eam
1144 745 1357 795 Antonius,
1390 746 1565 796 superare

270 815 375 856 nisus
401 813 646 863 splendorem
675 812 718 851 ὅ(
741 809 972 861 elegantiam
998 812 1161 862 reginae3
1188 810 1253 849 sed
1279 819 1441 860 utroque
1467 811 1566 849 infe-

270 879 374 923 rior,
408 877 554 924 primus
585 874 626 912 in
661 884 782 911 coenae
825 871 900 911 suae
929 872 1058 911 sordes
1087 874 1124 911 &
1160 871 1407 910 rusticitatem
1439 871 1567 911 dic‘re-

272 940 330 976 1ia
350 938 455 984 jecit.

323 1000 396 1039 IX.
427 999 575 1047 Quarto
597 997 687 1043 die,
713 994 876 1034 viciffim
907 995 1011 1045 apud
1047 1008 1133 1036 eam
1167 1006 1345 1037 coenante
1370 998 1563 1045 Antonio,

268 1060 394 1101 solum
423 1057 743 1097 consternendum
776 1056 865 1094 tofis
900 1057 948 1095 ad
974 1056 1216 1096 altitudinem
1244 1056 1366 1096 cubiti
1393 1056 1560 1101 curavit;

269 1122 333 1172 qui
356 1119 491 1158 harum
521 1118 675 1168 copiam
703 1115 1024 1166 suppeditaffent,
1051 1130 1131 1156 non
1169 1119 1247 1163 jam
1276 1114 1465 1162 nummis,
1494 1113 1559 1153 sed

269 1182 421 1224 talentis
454 1192 709 1220 remunerans.
746 1181 865 1230 Igitur
895 1188 1001 1217 metu
1031 1179 1139 1216 omni
1167 1177 1339 1228 deposito
1357 1208 1369 1225 ,
1395 1189 1486 1216 cum
1517 1177 1559 1214 ob

267 1247 449 1298 destitutas
485 1243 631 1296 Caesaris
664 1254 783 1295 partes
809 1240 1074 1287 accusaretur,
1099 1252 1181 1278 non
1212 1239 1332 1289 magis
1363 1235 1559 1276 excusavit

266 1307 345 1347 sese
362 1337 373 1356 ,
403 1318 516 1356 quam
555 1304 762 1353 imputavit
792 1302 891 1340 ultro
910 1331 920 1348 ,
946 1312 1094 1352 quatuor
1123 1299 1277 1352 legiones
1313 1312 1388 1336 cum
1412 1297 1558 1335 Allieno

266 1368 386 1420 miffizs
410 1367 513 1404 initio
548 1365 654 1412 belli,
687 1363 884 1415 claffimque
908 1373 1095 1413 paratam,
1116 1362 1184 1412 sed
1215 1359 1491 1413 tempestatibus,
1521 1358 1557 1396 δ’

264 1430 364 1470 celeri
397 1427 594 1467 Dolabellae
625 1427 710 1478 casu
739 1424 952 1476 prohibitam
984 1422 1108 1474 egredi.
1155 1423 1282 1473 Neque
1312 1432 1424 1458 tamen
1447 1421 1560 1473 semel

261 1491 448 1540 iterumque
462 1502 537 1525 cum
564 1485 739 1523 atrocibus
763 1482 870 1520 minis
887 1481 1076 1532 flagitanti
1109 1479 1218 1530 Caffio
1246 1480 1363 1530 mififfi
1387 1480 1555 1517 auxilia:

263 1552 348 1604 quin
375 1563 449 1588 cum
474 1545 714 1599 instrufliffi'ma
742 1543 844 1595 claffe
869 1543 980 1596 ipfhm
1007 1542 1056 1578 ad
1082 1554 1172 1578 mare
1202 1541 1345 1580 Ionium
1369 1540 1556 1592 accffffi,

264 1627 335 1652 non
365 1611 550 1663 diligentia
583 1607 704 1647 Murci
744 1605 937 1645 deterritam
951 1620 967 1652 ‚·
998 1603 1063 1656 sed
1091 1601 1345 1655 tempestatibus
1368 1602 1404 1639 δ’
1423 1600 1556 1651 claffim

221 1694 224 1696 ·
262 1675 482 1728 diffipatam‚
508 1671 543 1709 ὃ»
569 1672 609 1724 se
637 1671 675 1708 in
703 1670 852 1707 morbum
886 1668 1096 1720 conjeblam,
1122 1666 1157 1705 Ga
1183 1665 1312 1702 interea
1335 1663 1559 1715 Philippetfi

263 1739 338 1774 acie
357 1737 519 1773 decretum
541 1731 613 1784 effi.
642 1731 724 1770 Nec
749 1728 842 1768 falso
865 1728 929 1767 ista
956 1726 1222 1776 jaekabantur‚
1245 1723 1309 1764 sed
1338 1723 1423 1773 plus
1449 1723 1552 1773 apud

259 1798 446 1839 lascivum
486 1793 654 1833 hominis
688 1794 864 1831 animum
895 1791 1019 1830 forma
1057 1791 1094 1829 ἃ
1121 1799 1277 1828 veneres
1311 1785 1549 1836 Cleopatrae,

266 1873 382 1912 quarn
408 1857 517 1897 causa
543 1855 757 1894 valuerunt.

320 1925 376 1964 X.
416 1923 537 1972 Igitur
569 1932 616 1959 ex
652 1931 715 1958 rea
748 1917 871 1956 statim
901 1915 1046 1962 amica,
1078 1912 1203 1952 statim
1239 1910 1394 1950 domina
1423 1910 1521 1949 faeta
1540 1938 1551 1956 ,

265 2003 348 2030 non
373 1986 491 2026 modo
519 1996 680 2035 regnum
705 1980 856 2033 AEgypti
885 1979 1058 2024 retinuit,
1085 1976 1149 2015 sed
1177 1976 1216 2014 in
1245 1974 1410 2014 Antonio
1437 1973 1553 2014 sube-v

265 2054 322 2104 git
342 2050 554 2090 Orientem.
580 2046 668 2086 Erat
682 2044 785 2083 enim
812 2055 889 2081 non
912 2041 1030 2080 modo
1055 2036 1364 2089 pulchritudine,
1385 2035 1449 2074 sed
1470 2047 1549 2073 ma.

264 2115 322 2165 gis
350 2113 463 2151 etiam
496 2110 626 2159 lepore
656 2107 823 2157 quodam
861 2105 896 2143 δε
930 2102 1118 2152 elegantia
1150 2098 1324 2148 singulari
1361 2097 1546 2148 praedita:

265 2188 381 2227 quam
394 2205 404 2221 ,
417 2171 605 2224 quidquid
623 2177 768 2219 ageret,
786 2173 851 2206 aut
865 2165 1109 2214 loqueretur,
1123 2161 1299 2200 decerent
1312 2160 1454 2198 omnia.
1478 2159 1548 2198 Su.

264 2246 415 2290 pererat
441 2236 533 2273 mira
562 2232 703 2283 ingenii
719 2231 780 2269 -vis
804 2231 838 2268 ἃ
863 2227 1057 2272 alacritas,
1079 2225 1193 2263 etiam
1223 2222 1409 2272 prioribus
1436 2234 1546 2259 amo-

263 2302 368 2340 ribus
399 2299 565 2338 excitata
603 2298 638 2335 δι
670 2293 843 2339 erudita,
880 2303 953 2340 qua
985 2286 1218 2339 puellaribus
1251 2284 1378 2322 adbuc
1410 2284 1543 2328 annis,

265 2364 336 2403 Cn.
371 2360 596 2409 Pompejum
629 2354 940 2397 adolescentem,
976 2349 1132 2400 quando
1173 2346 1296 2385 claffis
1331 2344 1542 2384 educendae

264 2424 375 2466 causa
402 2423 597 2475 profectus
625 2422 666 2459 in
692 2419 899 2468 ffigyptum
925 2414 1020 2462 fuit,
1045 2414 1080 2452 ἃ
1107 2422 1200 2451 mox
1225 2407 1410 2448 Caesarem
1435 2418 1543 2445 man-

312 2541 336 2585 §
361 2541 453 2576 Vlll.
476 2539 564 2572 Plut.
591 2538 744 2570 Athenae.
767 2534 790 2580 §
814 2534 873 2568 lx.
891 2532 980 2567 Plut.
1007 2529 1161 2563 Athenae.
1183 2524 1327 2571 Appian-
