1685 3042
271 239 368 275 ΠΟ
432 223 528 272 JO.
569 222 1079 272 FREINSHEMII
1118 225 1486 276 SUPPLEM;

272 330 371 384 fore:
395 329 531 369 interim
552 329 686 384 integra
706 330 825 370 omnia
833 331 1065 383 servaturum.
1090 331 1166 370 Sed
1181 329 1323 378 Caesar,
1341 339 1566 382 compert0;

274 391 520 445 Hieroplzilum
539 394 569 429 ei
596 406 741 441 nomen,
771 405 879 430 artem
903 392 1148 431 veterinariam
1175 391 1263 443 ff,
1291 391 1448 431 nolente
1474 404 1563 432 caus

274 450 357 492 sam
397 455 481 503 ejus
512 452 700 504 suscipere
740 454 953 501 Cicerone,
987 461 1096 494 extra
1132 453 1284 494 Italiam
1315 455 1469 494 decreto
1503 468 1564 494 re·

275 514 431 566 legavit,
459 518 510 557 At
535 517 566 556 is
594 516 678 568 post
714 529 851 558 necem
883 518 966 566 ejus
995 517 1183 566 redierat,
1211 516 1414 567 validaque
1446 529 1564 556 manu

277 580 458 630 cinctus,
486 590 634 620 metum
666 580 750 619 non
786 579 1093 622 interfectoribus
1123 581 1265 626 modo,
1301 579 1366 619 sed
1392 579 1565 620 universo

276 640 450 692 senatui,
472 644 688 682 maximum
719 641 941 691 injiciebat,
968 642 1016 682 de
1046 642 1314 683 interficiendo
1334 654 1382 681 eo
1410 641 1567 681 confilia

277 704 424 753 agitare
454 703 635 744 creditus.

337 766 480 806 CXIII.
514 767 634 817 Igitur
653 765 847 817 legatione
868 765 1071 816 impetrata
1092 764 1236 812 libera,
1260 764 1373 804 multi
1400 778 1449 804 ex
1475 764 1568 805 urbe

282 825 557 876 discedebant,
586 827 683 870 alius
708 827 806 867 alio:
839 829 875 866 ἅ
901 827 965 876 qui
989 826 1204 877 provincias
1227 825 1423 867 habebant
1451 840 1472 866 a
1492 827 1573 866 Cae-

282 888 389 937 sare,
422 887 775 939 proficiscebantur.
817 887 955 927 Brutus
990 896 1117 927 autem
1146 889 1182 927 Sc
1212 887 1355 927 Cassius
1390 895 1571 938 praetores

282 938 539 990 dedixcendos
563 951 603 989 in
635 950 809 989 colonias
839 959 1038 990 veteranos
1074 949 1281 999 curabant,
1304 964 1354 989 ne
1378 951 1470 1001 quid
1497 959 1575 990 tur-

283 1012 421 1053 barum
452 1013 492 1051 in
522 1012 618 1052 urbe
643 1013 801 1059 darent3
835 1012 875 1051 id
909 1023 1062 1063 quoque
1092 1012 1349 1052 concedentes
1375 1010 1574 1060 beneficii,

284 1076 339 1112 uti
355 1074 547 1126 portionem
569 1076 673 1127 suam
697 1077 819 1127 cuique
845 1074 958 1115 liceret
984 1076 1151 1122 vendere,
1178 1074 1281 1125 quod
1309 1074 1372 1113 lex
1407 1083 1497 1114 ante
1519 1073 1576 1112 vi·

285 1135 470 1174 cesimum
500 1148 646 1174 annum
672 1148 751 1174 non
780 1135 1018 1175 admittebat.
1059 1135 1130 1175 His
1153 1147 1242 1175 cum
1267 1135 1431 1174 insidiari
1456 1133 1574 1174 falsus

284 1195 434 1237 Marius
475 1195 684 1245 diceretur,
711 1197 758 1236 ab
788 1197 956 1237 Antonio
990 1205 1117 1247 raptus
1146 1198 1185 1235 in
1221 1209 1438 1245 carcerem,
1461 1208 1576 1247 atque

286 1256 344 1296 ibi
363 1257 513 1297 ‘indicta
534 1257 645 1297 causa
670 1266 827 1297 necatus
849 1258 912 1298 est.
946 1259 1070 1299 Patres
1092 1258 1256 1298 consulis
1281 1259 1480 1299 audaciam
1506 1260 1578 1298 mi-

286 1319 382 1367 rati,
408 1319 553 1359 fastum
585 1333 666 1360 non
697 1321 991 1371 improbarunt,
1013 1323 1143 1372 quod,
1163 1336 1210 1361 eo
1231 1320 1452 1373 superstite,
1478 1320 1578 1361 solli-

282 1382 405 1423 citam
420 1379 661 1432 «plenamque
682 1391 809 1422 metus
835 1383 955 1422 vitam
979 1384 1099 1423 acturi
1120 1383 1358 1425 videbantur.
1382 1383 1458 1424 Sed
1484 1396 1577 1423 aera-

287 1445 391 1484 rium
418 1446 631 1495 privatum,
648 1447 753 1497 quod
773 1447 1081 1487 interfectoribus
1105 1447 1284 1488 constitui
1306 1448 1353 1487 ab
1377 1447 1573 1499 equitibus

287 1507 477 1548 Romanis
507 1507 665 1557 quidam
688 1509 1021 1561 excogitaverant,
1052 1510 1100 1551 T.
1124 1510 1326 1562 Pomponii
1352 1511 1469 1551 Attici
1491 1523 1577 1561 gra-

287 1570 409 1610 vitate
445 1569 636 1610 sublatum
671 1571 734 1613 est.

348 1632 489 1672 CXIV.
527 1632 562 1673 Is
588 1634 692 1673 enim
720 1634 897 1685 equestris
930 1633 1073 1673 ordinis
1099 1641 1211 1674 aetate
1235 1637 1272 1675 ἃς
1301 1633 1578 1673 existimatione

290 1694 408 1736 facile
426 1696 631 1746 princeps,
655 1709 743 1735 cum
774 1695 987 1747 appellatus
1015 1710 1059 1736 ea
1083 1697 1131 1737 de
1154 1711 1193 1737 re
1218 1710 1286 1748 per
1310 1698 1351 1738 C.
1378 1697 1550 1737 Flavium
1565 1728 1578 1747 ,

291 1755 402 1801 Bruti
433 1755 660 1796 familiarem
698 1757 813 1806 esset,
846 1757 1045 1808 respondit
1063 1760 1130 1809 ‚fi
1155 1759 1241 1812 quid
1269 1759 1404 1797 Brutus
1433 1762 1476 1797 de
1498 1759 1580 1813 suis

285 1818 524 1872 flzcultatibus
547 1820 600 1857 uti
631 1819 789 1871 voluzffbt
805 1850 816 1868 ,
840 1820 1004 1872 usurum,
1027 1834 1193 1873 quantum
1213 1835 1258 1860 ecc
1275 1833 1497 1874 paterentur:
1516 1823 1583 1874 sed

294 1894 399 1932 neque
424 1895 499 1919 cum
523 1895 694 1933 quoquam
718 1897 759 1922 ea
779 1884 820 1920 de
846 1898 877 1921 rc
902 1883 1149 1923 collocuturum
1166 1913 1177 1931 ,
1202 1898 1308 1936 neque
1327 1884 1506 1924 coiturum.
1534 1884 1582 1923 Et:

294 1940 417 1982 valuit
451 1941 676 1992 exemplum
702 1942 871 1993 primarii
901 1943 998 1993 viri,
1032 1945 1095 1995 qui
1130 1957 1255 1995 neque
1287 1946 1455 1996 partium
1487 1946 1581 1986 odio

291 2002 371 2044 hoc
392 2003 582 2052 faciebat,
609 2017 769 2058 quarum
793 2005 983 2056 principes
1008 2007 1231 2055 adamabat3
1264 2019 1388 2058 neque
1402 2007 1582 2058 parsimo-

294 2065 389 2113 nia,
419 2065 520 2105 ultro
550 2065 660 2117 plura
694 2066 929 2112 collaturus,
956 2081 1069 2117 quam
1106 2068 1359 2118 petebantur:
1392 2067 1455 2107 sed
1491 2068 1581 2118 quia

293 2125 378 2165 viro
409 2125 514 2165 bono
549 2126 825 2167 discedendum
859 2141 879 2167 a
907 2129 1052 2168 ratione
1081 2132 1180 2169 recta
1208 2130 1396 2179 nusquam
1424 2129 1582 2169 videba-

296 2196 370 2228 tur.
406 2189 456 2229 At
484 2187 708 2238 hujusmodi
743 2189 920 2229 homines
949 2191 1143 2232 interdum
1174 2191 1386 2242 importuni
1412 2189 1497 2230 sunt
1520 2204 1581 2231 ve·

297 2250 369 2290 tita
394 2249 646 2290 molientibus
670 2264 679 2291 ε
707 2263 831 2302 neque
859 2251 1020 2291 dubium
1047 2252 1121 2301 est,
1147 2253 1240 2303 quin
1270 2252 1334 2292 illa
1363 2253 1478 2297 Attici
1511 2262 1582 2293 ter·

301 2311 504 2364 given-sario
519 2343 532 2360 ,
553 2313 757 2355 Brutorum
778 2313 930 2354 causam
951 2314 1054 2355 haud
1071 2314 1328 2366 perfunctorie
1349 2313 1567 2366 perculerit.

346 2448 368 2494 §
395 2448 499 2481 CXII.
519 2448 596 2482 Val.
627 2449 721 2484 Max.
748 2460 789 2491 ς,
816 2459 867 2487 ῐς.
894 2450 970 2483 Nic.
994 2449 1193 2484 Damasccn.
1228 2451 1301 2484 Cic.
1323 2451 1362 2483 ad
1386 2451 1491 2483 Attic.
1520 2461 1582 2494 12⁸

308 2495 369 2530 ὦ,
393 2493 425 2525 δ(
449 2493 520 2525 Phil
563 2506 598 2526 ι.
624 2506 653 2527 2.
693 2502 711 2529 Q,
741 2495 865 2527 (Nm.
901 2497 971 2529 (ic.
997 2496 1151 2535 familiar.
1183 2507 1217 2531 11
1235 2522 1245 2540 ,
1270 2507 1300 2531 x.
1332 2496 1411 2530 Dio.
1436 2496 1583 2541 Appian-

301 2537 378 2576 Val.
402 2538 496 2574 Max.
521 2539 624 2577 CQn.
648 2540 735 2583 Iup,
761 2541 793 2573 in
815 2541 921 2574 Arm.
