1685 3042
298 209 380 257 IN
430 209 592 257 LOC.
635 208 773 256 LIB.
826 206 987 257 CXXI
1034 210 1180 260 LIV.
1289 225 1378 272 241

105 317 292 359 fervatum
320 317 398 368 est,
425 329 558 356 omnes
582 314 686 354 illius
711 315 798 365 equi
828 315 1006 355 dominos
1030 329 1118 356 cum
1142 318 1288 360 familia
1309 321 1387 359 fora

107 381 288 430 tunisque
312 378 491 417 omnibus
526 375 658 415 misere
684 375 883 426 disperiss‘e.
921 377 1020 415 Nam
1041 380 1187 427 primus
1211 381 1388 421 omnium
1441 406 1443 408 -

109 441 183 481 Cn.
210 442 318 489 Sejus
345 441 475 491 (unde
498 440 532 477 ἃ
549 437 704 488 Sejanus
725 451 831 489 equus
854 436 1066 487 appellatus
1089 439 1169 492 est)
1194 454 1213 479 a
1234 441 1290 480 M.
1313 444 1392 481 An·

107 503 219 541 tonio
247 503 400 552 capitali
432 500 621 550 supplicio
648 499 805 539 affectus
830 500 975 538 fuerat:
1011 503 1047 540 ἅ
1074 502 1192 540 modo
1214 503 1248 542 P.
1276 503 1391 543 Dola.

109 562 214 603 bella
237 564 338 613 gravi
370 562 488 601 exitio
527 572 607 602 erat
643 562 877 602 consumtus.
914 563 990 602 Sed
1016 563 1144 613 postea
1177 577 1326 614 quoque
1352 567 1390 605 Sc

105 622 253 662 Caffius
277 623 443 671 interiit,
475 624 510 662 ἃ
534 622 613 673 ipse
641 623 695 663 M.
718 622 932 670 Antonius,
956 623 1054 662 inter
1080 623 1292 664 Cassianam
1318 626 1393 665 clae-

112 683 202 722 dem
230 683 305 722 hoc
329 697 428 733 equo
456 685 631 734 potitus:
663 684 729 723 sed
756 684 804 723 ad
834 685 1049 724 institutum
1072 694 1248 724 revertor.

167 745 294 785 XXV.
338 745 478 785 Occiso
506 745 729 793 Dolabella,
759 745 873 784 multi
899 746 1018 796 reguli
1048 748 1272 798 tyrannique
1300 748 1398 787 Lao·

113 807 264 847 diceam
301 820 391 847 cum
428 809 648 848 muneribus
691 809 726 847 ἅ
757 807 908 846 coronis
938 808 987 847 ad
1021 808 1186 848 Caffium
1222 821 1397 848 accurre-

111 877 213 907 runt.
250 880 345 918 quos
376 869 474 907 inter
498 868 547 908 ab
573 867 846 918 Hierosolymis
882 868 1085 918 Hyrcanus
1116 878 1292 918 venerat,
1318 871 1402 910 He..

111 929 250 968 todem
277 929 472 969 adducens
498 932 533 969 ἃ
561 929 798 977 Malichum,
829 930 894 979 qui
922 938 1069 979 patrem
1095 931 1258 970 Herodis
1285 932 1401 970 inter-

112 992 253 1044 cepiffe
287 1006 436 1032 veneno
472 993 689 1044 putabatur.
733 993 884 1032 Idcirco
924 1005 1013 1032 cum
1040 995 1152 1032 venia
1181 994 1292 1034 Caffii
1324 996 1400 1035 He·

111 1055 228 1091 sodes
256 1067 343 1090 eum
371 1056 411 1090 in
439 1054 644 1101 conspecffu
675 1055 772 1103 regis
799 1054 852 1090 sui
879 1067 946 1101 per
973 1054 1122 1101 aliquot
1154 1057 1400 1110 centuriones

115 1112 312 1154 Romanos
339 1113 684 1162 contrucidandum
710 1113 867 1152 curavit.
909 1113 957 1152 At
988 1113 1153 1161 Cassius,
1183 1114 1400 1154 constitutis

113 1174 231 1224 Syriae
258 1175 396 1221 rebus,
434 1174 690 1224 praefecstoque
718 1186 807 1212 cum
839 1186 916 1212 una
947 1173 1100 1223 legione
1135 1176 1258 1215 fratris
1290 1177 1399 1226 filio,

114 1247 212 1284 quos
241 1235 308 1274 fibi
334 1235 432 1274 fidos
454 1235 613 1285 putabat
640 1234 843 1283 homines,
868 1235 1088 1275 civitatibus
1119 1244 1302 1287 tyrannos
1329 1239 1400 1278 im..

113 1309 289 1347 ponens,
322 1310 398 1346 quo
428 1297 466 1335 in
502 1310 663 1336 numero
688 1296 844 1336 Marion
871 1297 1007 1348 Tyrius
1030 1298 1127 1346 fuit,
1158 1300 1197 1337 in
1225 1301 1402 1343 Ciliciam

114 1358 310 1411 proficisci
340 1359 490 1407 statuit,
529 1359 619 1398 inde
653 1358 923 1408 Cleopatram,
962 1359 1014 1398 ob
1046 1360 1154 1399 missa
1188 1362 1401 1404 Dolabellae

115 1420 280 1470 auxilia,
311 1420 521 1470 petituru53
552 1420 750 1470 postquam
780 1419 905 1459 obiter
931 1420 1131 1461 Tarsenses
1162 1432 1319 1474 propter
1348 1424 1404 1464 fa..

116 1496 249 1524 vorem
278 1482 519 1521 adversarum
541 1484 708 1533 partium
734 1482 957 1522 mulctasset.

173 1544 322 1585 XXVI.
355 1545 455 1583 Nam
485 1542 540 1582 illi
558 1573 569 1591 ,
597 1544 700 1582 divifi
720 1544 761 1582 in
782 1544 994 1592 factiones,
1026 1546 1061 1584 Sc
1087 1557 1314 1596 unaquaque
1338 1560 1407 1586 noa

118 1619 212 1647 men
252 1605 412 1644 civitatis
450 1603 687 1643 obtendente
723 1604 795 1644 suis
832 1605 1013 1644 consultis
1048 1606 1244 1656 aufisque,
1278 1609 1404 1659 primo

124 1668 316 1715 camum,
342 1679 432 1706 mox
455 1665 696 1705 Dolabellam
722 1676 1020 1707 coronaverant:
1045 1669 1186 1708 deinde
1205 1670 1407 1713 Cimbrum

121 1729 320 1774 Tullium,
350 1728 399 1766 ad
434 1739 549 1777 opem
579 1726 700 1766 Caffio
726 1727 924 1767 ferendam
956 1739 1248 1778 properantem,
1278 1744 1407 1772 arcere

122 1791 278 1831 transitu
301 1789 417 1830 Tauri
441 1789 672 1828 statuerant:
701 1802 812 1837 mox,
841 1791 940 1839 pacti
967 1803 1055 1829 cum
1083 1803 1153 1838 eo,
1181 1792 1288 1831 fimul
1314 1807 1406 1843 pau.

122 1854 245 1892 ciores
270 1851 409 1891 habere
431 1851 614 1901 opinione
639 1852 769 1901 copias
795 1852 995 1900 viderunt,
1026 1852 1266 1894 excluserant
1291 1857 1405 1907 oppi-

124 1917 201 1963 do,
224 1926 349 1964 neque
371 1924 589 1953 commeatu
612 1915 799 1962 juverant.
835 1913 903 1953 Ille
926 1916 1231 1964 praevertendum
1253 1919 1300 1956 ad
1328 1932 1419 1958 maes

125 1979 208 2026 jora
231 1985 359 2023 ratus,
387 1975 521 2014 omissa
545 1975 835 2025 oppugnatione
869 1976 995 2023 Tarfi,
1028 1977 1229 2016 contendit
1260 1979 1298 2016 in
1332 1976 1405 2031 Sy.

125 2040 235 2078 tiam.
272 2038 421 2078 Interea
453 2036 678 2085 Tarsenses,
703 2044 915 2086 occupato,
952 2037 1057 2087 quod
1087 2037 1242 2077 Cimber
1274 2052 1409 2090 oppoa·

125 2099 252 2139 suerat
265 2128 276 2147 ,
295 2096 447 2136 castello
463 2128 473 2145 ,
491 2098 660 2145 vicinos,
681 2110 803 2147 eoque
826 2097 974 2148 semper
989 2099 1129 2138 invisos
1149 2100 1404 2152 infestosque,

125 2159 343 2201 Adanenses
385 2158 487 2198 bello
521 2159 744 2209 petierunt,
785 2161 963 2212 Caffianos
992 2163 1054 2214 eſjk
1090 2165 1407 2216 improperantes,

127 2223 229 2273 Ergo
261 2223 413 2262 vivente
443 2222 571 2261 adhuc
600 2222 822 2272 Dolabella,
851 2225 889 2265 L.
914 2225 1118 2267 Sextilium
1146 2228 1288 2267 Rufum
1313 2229 1406 2268 Cas-

76 2321 103 2340 e
128 2283 200 2324 sius
231 2283 359 2323 milit:
395 2296 416 2322 a
451 2297 527 2334 quo
553 2284 643 2323 vieti
670 2293 856 2324 venerunt
888 2285 929 2324 in
961 2287 1214 2327 deditionem.
1262 2288 1405 2329 Caffius

178 2399 201 2443 §
224 2401 349 2433 XXIV.
376 2402 482 2445 Agell.
515 2410 531 2443 ς
553 2426 560 2441 ,
583 2410 615 2442 9,
649 2400 671 2446 §
702 2401 811 2440 XXV.
830 2401 972 2449 “Josepm
998 2404 1038 2438 de
1065 2404 1103 2439 Β.
1127 2402 1204 2444 Iud.
1232 2415 1269 2447 ι,
1294 2414 1339 2448 9²
1370 2403 1403 2444 ὃς

133 2446 239 2487 antiq.
266 2443 340 2478 Jnd.
368 2457 419 2487 14,
440 2456 492 2478 ιι.
517 2446 664 2488 Appiam

201 2500 252 2549 T.
279 2500 371 2548 ᾖεν.
395 2502 490 2546 Vol.
519 2500 610 2548 XI.
919 2489 927 2496 '
1140 2500 1189 2560 Q

368 2671 385 2689 Ρ
