1685 3042
323 215 379 261 62
442 211 1094 260 JO.FRE1NSHEMII
1143 207 1507 262 SUPPLEM.

321 320 604 361 consuetudine
635 320 674 359 in
704 328 792 359 eum
822 331 966 358 annum
994 319 1207 367 inciderat,
1233 319 1469 360 'consumfitz
1499 316 1605 359 unde

320 382 466 422 fastum
497 382 570 430 est,
598 389 641 420 ut
667 393 788 420 annus
824 379 916 428 iile,
951 380 1013 430 qui
1051 380 1284 420 confufionis
1316 390 1395 420 erat
1422 380 1604 430 ultimus,

319 445 360 484 in
390 444 468 484 dies
496 444 795 495 quadringentos
828 442 1079 493 quadraginta
1105 443 1271 494 quinque
1299 445 1606 495 protenderetur-0

318 507 415 548 Haec
444 507 566 546 ferme
590 520 610 546 a
631 506 827 546 veteribus
849 505 989 544 tradita
1005 535 1016 553 ‚
1041 518 1162 556 nuper
1185 508 1301 546 etiarn
1325 505 1511 547 assensum
1537 507 1606 546 do-

320 562 571 610 istiffimorum
597 570 766 609 virorum
806 562 1039 607 meruerunt.
1079 568 1154 607 Sed
1183 567 1257 607 Dio
1285 568 1371 619 plus
1398 569 1541 620 septem
1568 571 1605 609 ἅτ

315 631 512 682 sexaginta
550 631 684 670 diebus
724 629 844 668 tribus
875 628 933 667 his
967 627 1255 669 intercalaribus
1288 644 1309 670 a
1338 630 1484 670 Caesare
1506 642 1605 669 con-

315 693 462 732 sumtos
500 693 573 732 esse
601 701 716 743 negat
743 705 751 732 :
785 693 893 740 cujus
925 690 1152 742 opinionem
1186 692 1245 730 vir
1269 705 1454 742 perquam
1480 692 1607 731 erudi-

315 763 378 795 tus
404 770 425 795 e
460 754 580 795 Gallia
614 755 775 799 minime
808 751 1033 803 spernendis
1070 755 1305 803 argumentis
1336 765 1473 794 tuetur.
1516 755 1608 796 Erat

316 818 401 858 haec
428 830 484 856 res
511 826 590 858 tam
610 816 677 855 usu
702 815 968 862 saluberrima,
983 827 1097 864 quam
1122 813 1260 852 molitu
1277 815 1468 865 difficilis,
1489 818 1525 856 ὃς
1547 817 1608 866 ip-

314 882 354 922 se
372 878 568 932 Sofi'genes
583 910 593 929 ‚
607 880 726 920 tribus
743 880 790 918 de
805 891 848 917 ea
865 877 1258 918 commentationibus
1279 879 1408 928 editis,
1421 879 1459 918 se
1479 879 1606 930 ipsum

313 945 355 983 in
382 942 610 995 quibusdam
644 941 831 992 corrigere
855 940 1004 980 necesse
1030 939 1176 981 habuit.
1226 950 1405 991 praeterea
1437 941 1533 981 nihil
1566 942 1605 981 in

315 1006 378 1045 his
403 1004 548 1052 Caesar,
578 1003 645 1042 nisi
671 1003 717 1041 de
742 1002 896 1042 confilio
921 1003 1164 1053 principum.
1188 1011 1255 1042 aut
1272 1004 1384 1043 etiam
1402 1005 1520 1043 totius
1546 1017 1609 1044 or-

316 1067 416 1107 dinis
434 1067 601 1106 fecerat:
630 1078 755 1116 neque
774 1073 911 1104 *tamen
937 1064 1106 1105 effugere
1128 1057 1372 1096 dicacitatem
1400 1062 1607 1100 hominum

315 1130 455 1172 potnit.
483 1129 578 1158 adeo
608 1128 673 1157 um
699 1118 816 1156 nimia
845 1119 1003 1157 taxandi
1026 1118 1183 1158 licentia
1211 1118 1398 1167 invaluit,
1425 1131 1505 1159 non
1536 1121 1608 1159 mi-

314 1195 387 1221 nus
419 1181 546 1228 bene,
572 1192 687 1229 quam
716 1178 823 1216 secus
853 1179 977 1227 faeta,
1010 1178 1355 1228 reprehenduntur.

367 1242 545 1284 XXXII.
577 1243 675 1285 Sane
699 1241 860 1288 Cicero,
898 1240 999 1289 quasi
1036 1240 1164 1290 potius
1198 1254 1217 1279 a
1246 1239 1411 1287 Caesare,
1439 1252 1554 1290 quam
1582 1253 1605 1281 a

316 1305 439 1354 coelo,
462 1317 506 1344 ea
528 1303 618 1343 anni
640 1304 736 1342 ratio
763 1302 906 1341 indicta
930 1300 1041 1349 ell'et,
1066 1301 1218 1341 cuidam
1248 1303 1416 1350 dicenti,
1439 1317 1517 1341 cras
1545 1297 1606 1355 ly-

316 1385 388 1409 ram
411 1367 616 1408 exorituram
631 1397 640 1413 ,
662 1366 793 1418 Nempe
821 1381 863 1404 ex
893 1366 1018 1403 ἰηᾶὶέἳο
1033 1393 1043 1411 ,
1065 1363 1271 1413 respondit.
1306 1364 1382 1404 Sed
1417 1364 1520 1403 idem
1544 1363 1606 1403 Ci-

316 1444 404 1469 cero
437 1429 584 1479 magnis
615 1427 785 1477 verisque
820 1426 1018 1477 praeconiis
1047 1425 1232 1465 Caesarem
1262 1426 1424 1474 extulit,
1456 1438 1544 1464 cum
1573 1427 1605 1465 is

317 1489 507 1532 Marcello
532 1488 742 1537 consulari,
773 1490 1009 1527 mentionem
1044 1489 1126 1536 ejus
1157 1487 1345 1526 inferente
1375 1487 1417 1527 L.
1444 1485 1603 1535 Pisone,

318 1553 437 1601 &sC.
464 1549 651 1592 Marcello
680 1550 727 1589 ad
758 1550 875 1599 pedes
903 1548 939 1586 se
963 1548 1188 1597 abjiciente,
1216 1547 1349 1587 senatu
1383 1547 1493 1590 etiam
1528 1546 1605 1584 sur-

317 1622 456 1666 gente,
489 1615 525 1652 &
546 1619 703 1662 rogante
735 1610 934 1657 universo,
965 1608 1140 1647 nonnihil
1178 1600 1279 1658 pislis
1312 1608 1487 1647 accusata
1521 1610 1604 1656 ejus

316 1677 549 1723 acerbitate,
577 1674 742 1713 reditum
773 1684 861 1710 cum
893 1671 1039 1710 summa
1067 1670 1168 1709 illius
1193 1671 1383 1721 dignitate
1410 1668 1607 1709 conceffis-

315 1738 383 1778 set.
417 1738 660 1787 Quamquam
695 1734 760 1772 illo
791 1732 979 1772 beneficio
1016 1730 1222 1771 Marcellus
1245 1731 1321 1771 frui
1347 1744 1423 1770 non
1453 1731 1605 1781 potuit,

318 1814 406 1841 cum
434 1813 454 1839 a
483 1797 680 1850 Mitylenis
707 1796 838 1834 urbem
865 1805 1077 1844 repeteret,
1099 1794 1340 1844 Athenasque
1364 1794 1544 1842 venisset,
1566 1794 1606 1834 iu

316 1862 400 1914 ipso
435 1871 546 1912 portu
575 1873 595 1898 a
622 1859 658 1898 P.
692 1858 821 1907 Magio
857 1855 1024 1896 Chilone
1051 1855 1230 1894 familiari
1260 1855 1325 1894 suo
1355 1855 1603 1895 interfectus:

319 1927 516 1977 qui-vetus
548 1923 790 1973 Pompejanae
825 1921 969 1960 niilitiae
1003 1933 1154 1968 comes,
1188 1920 1353 1970 aliquem
1389 1920 1602 1959 amicorum

317 1990 368 2031 ab
397 2003 443 2028 eo
478 1988 543 2027 sibi
570 1986 735 2037 praet‘erri
766 1998 843 2023 non
870 1984 1097 2034 patiebatur.

386 2050 581 2093 XXXIII.
626 2050 669 2090 Et
701 2047 905 2099 asperserat
943 2047 1124 2086 Caesarem
1151 2045 1342 2096 suspicio:
1371 2045 1434 2084 sed
1465 2044 1603 2095 quibus

318 2115 445 2165 aliqua
469 2114 546 2153 veri
577 2126 666 2153 cura
689 2122 792 2159 erat,
833 2124 921 2150 cum
955 2111 1141 2149 constaret
1171 2110 1217 2148 de
1247 2109 1402 2159 Magio,
1435 2121 1511 2148 non
1545 2107 1603 2148 su-

321 2176 511 2217 stinebant
537 2175 745 2226 quidquam
771 2175 819 2213 de
849 2172 991 2213 Caesare
1019 2174 1171 2211 credere
1200 2186 1208 2211 :
1241 2173 1490 2222 purgavitque
1513 2184 1602 2211 eum

319 2238 458 2289 scripta
480 2238 528 2276 acl
556 2238 783 2277 Ciceronem
807 2235 964 2286 epistola
995 2235 1049 2274 M.
1075 2235 1231 2279 Brutus,
1263 2233 1438 2273 Marcelli
1472 2234 1602 2282 praeci-

320 2312 420 2351 puus
443 2299 662 2339 admirator.
686 2298 821 2348 Neque
844 2297 918 2336 alio
944 2296 1198 2335 luculentiore
1223 2294 1439 2334 testimonio
1462 2293 1606 2345 magni-

373 2430 394 2469 ss
420 2428 545 2461 XXXI.
570 2427 721 2460 Macrob.
757 2426 935 2460 Censor'm.
965 2426 1003 2458 tle
1028 2426 1082 2458 die
1113 2434 1181 2457 nat.
1201 2424 1341 2456 Sueton.
1372 2422 1459 2455 Flut.
1482 2422 1607 2464 Erych.

321 2472 400 2506 Put.
431 2474 469 2506 de
494 2471 631 2506 Biss‘ext.
661 2484 690 2506 c.
716 2483 767 2504 ιο.
802 2473 884 2504 Plin.
920 2471 940 2514 ξ
967 2471 1107 2502 N'XXll.
1131 2469 1218 2501 l’lut.
1251 2469 1322 2501 Czc.
1357 2480 1417 2508 pro
1451 2468 1603 2500 Marcell.

322 2518 410 2552 'idem
439 2518 590 2552 familiar.
612 2531 684 2560 4,4
708 2516 740 2550 ὅ(
756 2518 840 2559 6‚4.
859 2518 933 2550 Val.
959 2515 1051 2549 Max.
1076 2527 1120 2559 9,
1147 2526 1196 2548 rr.
1225 2513 1301 2547 Liv.
1321 2514 1413 2557 Epir.
