1685 3042
295 167 536 232 30810.
569 166 1105 213 FREINSHEMII
1140 167 1518 214 SUPPLEM.

294 272 477 324 sponsum
502 273 599 312 fuit:
631 274 748 326 Longe
775 272 946 327 disparem
975 274 1119 311 duorum
1152 272 1414 325 imperatorum,
1438 286 1478 312 ut
1501 275 1580 313 ani-

295 350 389 374 mum
403 364 415 383 ‚
446 336 498 373 ita
534 333 765 373 conditionem
790 333 864 386 effe.
884 335 1084 373 Antonium
1107 334 1201 372 nihil
1229 335 1333 373 aliud
1351 337 1420 389 nisi
1438 338 1482 374 ab
1513 351 1582 374 ex-

295 398 405 435 ternis
424 397 587 449 gentibus
614 395 811 448 regibusque
826 397 1012 447 pecuniam
1039 397 1089 433 ad
1108 410 1302 434 communes
1324 399 1409 450 usus
1442 412 1581 450 cogere:

292 462 459 513 Caefizrem
486 459 654 498 exercitus
682 460 717 498 ἃ
739 470 932 511 opportuna
954 458 1068 496 Italiae
1083 458 1155 508 fibi
1172 459 1368 511 mancipare
1388 460 1578 509 beneficiis.

285 523 370 560 ‚Sed
391 522 426 560 G·
454 520 638 569 Galliam,
666 533 740 572 quae
768 521 857 557 data
877 521 980 570 prius
1011 520 1172 557 Antonio
1195 519 1331 571 fuerit,
1360 522 1397 558 in
1415 521 1578 572 fraudem

293 583 374 636 ejus
394 583 532 621 liberari
544 599 561 631 ,-
590 585 624 622 6³
648 596 716 634 pro
746 581 954 619 civitatibus
979 582 1159 619 offodecim
1183 582 1378 635 universam
1400 582 1478 634 fere
1502 583 1578 621 Ita-

287 646 380 684 liam
399 646 442 682 ·in
469 645 627 683 colonias
662 655 895 681 veteranorum
933 643 1122 681 concedere.
1155 657 1262 694 neque
1288 655 1422 682 tantum
1453 646 1581 683 duode-

293 707 441 760 triginta
465 706 668 759 legionibus
684 735 696 751 ,
722 718 796 757 quae
824 703 913 741 bello
949 703 1200 756 interfutſjent,
1220 705 1287 756 sed
1307 705 1394 744 aliis
1416 719 1578 758 praeterea

286 771 379 823 sex,
405 769 519 807 dividi
545 781 673 820 agros:
702 767 885 818 pecuniam
915 765 1044 818 auferri
1065 782 1082 804 e
1097 768 1232 820 fiznis,
1260 769 1468 822 Pompejani
1497 770 1579 808 belli

289 842 481 884 praetextu,
503 830 596 881 quod
622 840 735 866 tamen
763 829 802 865 in
822 839 924 866 tanta
943 828 1040 866 urbis
1061 828 1161 880 fame
1185 833 1338 869 nondum
1366 842 1577 884 apparuit&

293 907 410 931 revera
430 891 602 929 militibus
627 891 725 938 dari,
754 902 794 927 ut
813 890 978 942 adverfiis
997 892 1196 930 Antonium
1212 905 1375 931 emantur.
1397 894 1442 932 ab
1464 895 1577 932 eodem

292 954 412 992 animo
436 954 523 991 bona
545 953 808 1004 proscriptorum
831 952 884 990 ita
900 952 1024 999 vendi,
1047 964 1085 990 ut
1112 953 1237 991 donari
1256 947 1378 1005 potiuk
1397 965 1574 1005 appareat.

289 1015 458 1066 Denique
487 1014 576 1052 talia
595 1014 706 1052 multa
729 1013 833 1064 fieri,
857 1026 954 1065 quae,
975 1014 1013 1064 fi
1035 1013 1127 1064 serio
1148 1015 1268 1066 cupiat
1297 1030 1416 1068 pacem
1444 1017 1581 1068 Caesar,

286 1076 506 1129 defendenda
532 1077 608 1127 fiat
640 1077 672 1113 ei
692 1077 818 1128 prius,
844 1075 997 1128 πίΙιὶἰιμιε
1035 1076 1195 1129 deinceps
1229 1079 1422 1129 agendum,
1449 1078 1518 1128 nisi
1534 1079 1576 1115 de

290 1140 353 1177 M.
380 1137 537 1176 Antonii
554 1136 744 1188 sententia.

280 1237 285 1242 .
348 1205 483 1246 XXII.
518 1205 737 1256 Cogebatur
764 1205 804 1242 in
826 1205 1000 1243 ordinem
1034 1204 1181 1255 Caesar,
1204 1214 1248 1245 ut
1267 1206 1366 1245 nihil
1394 1206 1576 1258 deinceps

278 1281 402 1320 agere
422 1282 490 1319 pro
506 1268 688 1319 potestate
702 1267 833 1319 poffet.
863 1268 983 1318 Igitur
1003 1267 1069 1307 ille
1081 1299 1092 1316 ‚
1112 1271 1216 1321 pafla
1234 1283 1308 1308 cum
1324 1272 1451 1309 Marco
1469 1271 1578 1310 testa-

288 1339 377 1378 tus,
396 1344 470 1382 quae
490 1331 622 1381 utrique
633 1331 803 1382 ficmmum
828 1329 1026 1382 imperium,
1052 1345 1156 1382 neque
1177 1331 1374 1370 rationibus
1395 1335 1577 1372 reddendis

289 1392 479 1436 obnoxium
491 1420 503 1438 ,
518 1391 556 1429 in
569 1404 667 1443 parte
680 1391 751 1442 sibi
771 1390 940 1443 affignata
959 1392 1114 1441 dabant,
1133 1393 1340 1445 alterumque
1358 1407 1437 1432 rata
1457 1396 1577 1434 habere

286 1455 438 1494 alterius
458 1456 534 1491 aaa
546 1453 737 1505 jubebant,
760 1453 897 1492 iterum
918 1454 968 1492 ad
991 1463 1189 1493 veteranos
1213 1454 1251 1494 se
1273 1455 1456 1506 applicuit
1475 1474 1483 1497 z
1508 1459 1577 1495 bel-

288 1518 429 1568 lumque
461 1514 643 1565 adverficm
671 1513 710 1565 se
736 1514 856 1566 instrui
883 1514 1064 1562 testatus,
1097 1514 1177 1565 ipse
1205 1528 1368 1566 quoque·
1385 1517 1421 1556 se
1445 1531 1577 1568 parare

288 1577 422 1627 coepit.
447 1576 500 1617 Ea
522 1578 578 1615 r‘es
607 1576 736 1615 audita
752 1605 764 1624 ‚
786 1576 878 1615 duas
903 1575 1073 1626 legiones
1098 1578 1358 1624 Antonianas,
1373 1591 1455 1628 quae
1477 1580 1580 1629 apud

276 1640 492 1680 ..Anconam
520 1638 650 1677 stativa
683 1637 902 1686 habebant,
929 1638 978 1677 ad
1006 1638 1176 1678 Siculum
1205 1639 1349 1679 bellum
1378 1640 1576 1690 dmendae,

287 1701 528 1748 commovit,
557 1710 599 1739 ut
620 1713 689 1750 pro
714 1701 794 1750 pari
823 1700 862 1739 in
887 1709 1091 1751 utrumque
1116 1700 1389 1752 imperatorem
1415 1701 1577 1751 affectu,

275 1763 434 1815 ,legatos
463 1763 659 1802 mitterent
689 1763 878 1811 Romam,
909 1775 1086 1814 rogatum
1127 1764 1303 1815 utrasque
1337 1775 1481 1816 partes,
1513 1783 1580 1820 pa-

288 1842 359 1873 cem
387 1840 505 1865 mutuo
529 1827 686 1865 colerent.
702 1825 941 1876 Responsum
962 1826 1013 1866 est
1028 1840 1048 1866 a
1066 1827 1208 1866 Caesare
1234 1828 1432 1878 antiquum
1453 1827 1572 1869 illud:

279 1891 352 1942 fibi
381 1904 501 1942 pacem
525 1889 586 1942 ff
616 1904 691 1928 cum
718 1891 878 1939 Marco‚·
895 1892 960 1943 sed
978 1906 1000 1929 a
1023 1893 1131 1931 Lucio
1156 1892 1196 1944 se
1227 1893 1435 1946 impugnari.
1458 1894 1577 1945 Igitur

285 1951 346 2000 hi,
367 1964 407 1990 re
426 1963 515 1990 cum
531 1952 664 1990 ceteris
684 1954 870 1991 veteranis
886 1954 923 1991 in
937 1953 1128 2004 Capitolio
1151 1955 1434 1994 communicata
1451 1987 1461 2002 ,
1477 1959 1576 2009 (ma-

278 2027 366 2064 gna
393 2014 497 2052 enim
526 2025 658 2052 eorum
688 2013 898 2052 multitudo
931 2014 1117 2062 Romam,
1137 2015 1236 2065 quafi
1263 2028 1350 2055 cum
1377 2016 1508 2057 senatu
1528 2031 1572 2060 ac

289 2073 439 2125 populo
467 2074 516 2113 de
543 2072 790 2124 praesentibus
820 2073 1020 2114 confilium
1059 2076 1229 2125 initura,
1259 2079 1441 2131 venerat)
1470 2084 1575 2131 paHa

290 2135 439 2186 Caefhris
463 2134 498 2173 δ’
526 2136 681 2174 Antonii
719 2133 833 2187 afferri
872 2137 1072 2190 recitarique
1099 2137 1294 2186 jusserunt.
1331 2140 1574 2191 probatisque

287 2196 375 2245 his,
403 2210 477 2235 uter
500 2212 613 2235 eorum
638 2201 722 2248 pall
735 2213 753 2235 s
776 2214 846 2237 non
867 2199 990 2251 βειξθε
1019 2201 1207 2249 diceretur,
1227 2217 1267 2240 ea
1294 2204 1335 2240 de
1354 2218 1385 2242 re
1397 2203 1573 2257 suseeptu.

290 2273 348 2298 ros
382 2261 563 2298 arbitrium
597 2259 772 2310 profeffi,
813 2262 966 2301 decreta
995 2262 1057 2302 sua
1095 2263 1306 2307 retulerunt
1332 2267 1371 2306 in
1399 2267 1572 2316 tabulas,

291 2319 522 2373 affervarique
545 2318 731 2369 jufferunt
759 2337 781 2359 a
805 2322 1010 2376 Vestalibus.

337 2452 365 2500 5
388 2451 497 2485 XXII.
521 2451 602 2487 Dio.
628 2452 772 2497 Appian,
