1685 3042
256 214 348 264 168
405 216 499 265 JO.
544 216 1055 263 FREINSHEMII
1103 215 1471 266 SUPPLEM.'

255 322 387 362 Silano
422 323 578 364 tribuno
613 325 741 376 copias
780 324 973 364 ducendas
1009 324 1190 373 dederat,
1218 336 1298 363 non
1332 322 1535 376 expresso,

253 385 329 423 utri
352 385 388 423 se
411 387 509 435 parti
535 384 771 437 adjungeret.

311 445 383 487 IX.
407 450 456 487 At
485 448 657 497 Silanus,
681 449 920 500 imperatoris
949 447 1005 488 sui
1032 456 1204 490 mentem
1235 457 1393 494 tenens,
1413 448 1536 503 (nam

253 507 319 547 ille
347 511 382 549 δε
405 510 588 550 Narbone
613 512 864 550 concionatus
892 510 1041 560 fuerat,
1068 513 1104 551 &
1133 511 1183 551 ad
1210 510 1351 551 multos
1381 509 1538 561 scripse-

256 565 340 618 rat,
355 573 398 624 fi
422 588 498 611 cum
525 574 689 613 Antonio
724 573 941 627 consentire)
964 573 1014 612 ad
1047 573 1254 613 Antonium
1291 572 1537 612 concesserat.

255 633 405 675 Partem
444 645 573 673 tamen
609 634 796 684 equitatus
844 647 933 674 cum
965 633 1101 674 leviter
1132 636 1284 676 armatis
1312 634 1540 675 ostendebat

256 697 469 744 Antonius,
486 698 586 748 signa
611 698 808 748 legionum
823 698 925 747 apud
948 697 1088 737 Forum
1107 697 1302 738 Gallorum
1325 697 1541 738 occultans.

257 760 308 800 At
337 759 437 809 legio
464 760 626 809 Martia,
652 760 912 811 praetoriaeque
941 759 1140 808 cohortes,
1167 760 1272 800 hoste
1302 760 1506 810 conspefto
1525 788 1541 810 ,

258 820 411 860 retineri
446 836 526 861 non
563 830 805 872 potuerunt,
840 836 916 873 quo
955 823 1081 862 minus
1113 823 1291 873 proelium
1321 823 1540 862 consertum

258 882 368 921 irent.
398 883 517 934 Igitur
537 885 652 925 Pansa
666 917 677 934 ‚
693 884 840 924 duabus
863 884 1077 936 legionibus
1097 887 1265 924 tironum
1285 885 1389 935 sequi
1409 883 1542 934 jussis,

258 944 421 983 transitis
455 944 628 985 silvarum
667 948 702 986 ἆ
727 945 877 996 paludis
901 946 1101 997 angustiis,
1128 948 1250 986 aciem
1276 946 1452 985 instruxit
1476 957 1543 984 co-

259 1003 430 1045 hortium
464 1006 686 1046 duodecim.
726 1006 915 1047 Nondum
951 1006 1024 1046 illae
1054 1007 1137 1046 duae
1163 1006 1334 1057 legiones
1360 1007 1544 1054 aderant,

260 1081 350 1108 cum
382 1071 591 1109 Antoniani
626 1079 884 1121 prorumpunt
911 1083 958 1110 ex
981 1070 1151 1118 insidiis,
1178 1070 1388 1121 manusque
1420 1070 1544 1109 conti-

260 1141 354 1169 nuo,
370 1129 465 1169 locis
492 1132 688 1182 impeditis
713 1132 927 1173 conserunt.

290 1196 300 1201 ”
318 1192 371 1231 X.
405 1192 527 1242 Igitur
554 1195 700 1234 Martiae
726 1193 889 1245 legionis
924 1193 1086 1243 milites,
1116 1194 1316 1234 inveterati
1350 1191 1543 1232 bellorum

261 1252 355 1299 usu,
380 1267 427 1293 ne
455 1255 699 1294 turbarentur
721 1269 742 1294 a
767 1255 978 1304 tironibus,
1008 1256 1072 1306 qui
1096 1269 1189 1295 mox
1218 1255 1544 1305 supervenerunt,

260 1314 413 1355 seorsim
441 1314 512 1356 hos
539 1317 723 1366 jusserunt
747 1318 968 1358 consistere:
999 1318 1064 1369 ipfi
1093 1321 1128 1358 &
1164 1316 1378 1367 praetoriani
1406 1316 1547 1355 alacri-

263 1383 321 1415 ter
348 1378 627 1427 capesliverunt
656 1393 838 1431 pugnam.
870 1381 959 1420 Tria
993 1381 1041 1419 fic
1071 1381 1228 1430 proelia,
1254 1379 1413 1419 discreta
1435 1378 1542 1418 loco-

244 1451 346 1478 ·rum
369 1440 560 1490 ingeniis,
585 1441 693 1481 simul
721 1442 831 1482 facta.
854 1444 954 1483 Nam
979 1456 999 1482 a
1022 1443 1157 1482 dextro
1179 1455 1321 1490 cornu,
1339 1442 1403 1482 ubi
1423 1441 1542 1492 legio.

261 1501 318 1539 nis
336 1502 484 1541 Martiae
510 1501 688 1542 cohortes
710 1506 797 1543 octo
819 1513 951 1544 contra
973 1503 1166 1554 legionem
1186 1504 1411 1543 tricefirnam
1434 1504 1548 1553 quin=

263 1570 343 1601 tarn
362 1562 627 1612 constiterant,
657 1564 882 1606 Carfulenus
907 1567 941 1605 &
963 1565 1086 1606 Galba
1107 1566 1344 1605 Antonianos
1366 1565 1454 1604 loco
1480 1565 1546 1616 pe.

262 1624 464 1678 pulcrum,
504 1629 543 1666 in
573 1628 705 1679 fugam
744 1641 823 1667 non
853 1636 1063 1679 potuerunt
1095 1637 1256 1668 vertere.
1292 1629 1335 1668 In
1368 1628 1446 1679 ipso
1476 1629 1546 1668 viae

264 1689 426 1729 AEmiliae
453 1703 614 1742 aggere,
650 1691 717 1730 ubi
742 1691 880 1731 cohors
907 1692 1059 1732 Caesaris
1090 1692 1264 1743 praetoria
1295 1701 1426 1731 contra
1452 1704 1547 1742 prae·

264 1754 435 1792 torianos
468 1755 623 1793 Antonii
658 1764 738 1793 erat
775 1754 990 1804 collocata,
1022 1755 1088 1794 diu
1123 1763 1339 1806 pugnatum
1366 1753 1418 1795 est
1454 1766 1547 1805 per-

265 1827 383 1865 quam
416 1815 563 1855 acriter.
604 1815 668 1855 sed
693 1816 731 1854 in
759 1815 899 1856 sinistro
927 1828 1069 1864 cornu,
1099 1816 1202 1869 quod
1234 1826 1312 1854 erat
1332 1814 1545 1862 infirmius,

265 1879 333 1919 ubi
368 1880 505 1919 cohors
540 1882 712 1931 praetoria
741 1881 879 1928 Hirtii,
905 1893 995 1920 curn
1020 1879 1168 1919 duabus
1198 1892 1245 1918 ex
1268 1878 1421 1929 legione
1441 1877 1547 1930 Mar·-

265 1944 318 1982 tia
356 1943 574 1994 pugnabat,
610 1946 797 1984 Antonius
823 1945 897 1985 fuit
927 1944 1123 1995 superior:
1161 1945 1195 1983 8<
1229 1956 1319 1981 cum
1350 1942 1545 1993 equitatu,

230 2014 232 2017 '
268 2020 344 2058 quo
366 2007 516 2047 valebat
541 2007 774 2058 plurimum,
803 2009 1005 2047 circumire
1031 2006 1204 2057 coepisset
1226 2006 1372 2052 hostes,
1404 2006 1546 2056 pedem

269 2083 334 2109 eos
368 2070 506 2109 referre
536 2072 585 2110 ad
618 2071 735 2110 castra
765 2071 917 2121 coegit,
946 2084 1028 2120 quae
1056 2069 1209 2109 interim
1241 2066 1422 2119 prudenti
1447 2077 1548 2111 conf

265 2135 345 2175 filio
370 2137 585 2185 Torquatus
608 2134 734 2174 Pansae
757 2134 915 2185 quaestor
939 2134 1164 2172 muniverat.

319 2196 392 2237 XI.
417 2197 503 2235 Hoc
529 2196 648 2235 modo
669 2203 854 2234 certatum
880 2195 976 2233 inter
997 2194 1066 2232 hos
1093 2192 1315 2241 accepimus
1339 2202 1369 2230 a.
1391 2189 1427 2228 d.
1450 2187 1546 2227 duo-

268 2258 538 2299 devicefimum
555 2258 717 2298 Kalend.
735 2258 852 2307 Maji:
878 2271 953 2308 quo
970 2256 1106 2308 proelio
1124 2254 1237 2295 Pansa
1253 2252 1409 2301 consul,
1431 2264 1518 2291 cum
1532 2279 1544 2300 ,

271 2330 429 2374 accepto
457 2321 634 2372 vulnere,
662 2321 813 2361 fortiter
845 2327 1102 2372 repugnaret,
1127 2318 1206 2370 pilo
1235 2330 1300 2368 per
1329 2316 1393 2355 ilia
1420 2313 1546 2354 trans-

315 2421 452 2487 §NVHL
481 2444 553 2477 Cic.
571 2443 725 2476 familiar.
757 2452 796 2474 ro
811 2451 867 2483 ,9.
888 2452 946 2482 12,
963 2439 1146 2481 2‚&Phil.
1170 2448 1223 2481 ¹3·
1243 2448 1276 2475 4.
1299 2437 1413 2487 Fronr.
1439 2436 1545 2470 Strat-

269 2502 310 2530 5,
342 2500 371 2521 2.
401 2490 544 2533 Appiam.
574 2489 653 2520 Dio.
685 2487 707 2529 §
740 2487 796 2518 ΙΧ.
828 2487 902 2521 Cic.
931 2486 1018 2521 Phil.
1054 2495 1111 2526 ιο,
1148 2494 1212 2530 33,
1240 2482 1274 2517 ὃ(
1306 2475 1545 2525 &Instat-13³,

262 2543 321 2579 31,
354 2534 470 2571 From.
493 2534 514 2580 §
536 2534 578 2569 X.
601 2532 747 2579 Appian.
771 2531 844 2568 Cic.
