1685 3042
231 197 328 251 5188
401 198 491 247 JO.
525 198 1472 263 FREINS}1E½113UPPLEM;·

289 305 431 348 LXIII.
461 307 505 346 Si
522 307 669 359 primum
698 307 857 361 impetum
876 307 1069 361 fregerint,
1086 308 1280 360 subiturum
1304 310 1441 348 animos
1458 314 1529 362 ptr-³

230 366 367 417 dorem,
397 370 595 424 subituram
634 371 860 411 reverentiam
889 372 1042 423 patriae,
1070 372 1105 410 G·
1135 383 1258 409 metum
1295 385 1341 409 ex
1374 372 1524 423 legibus.

229 431 342 481 Quod
351 432 390 482 st
401 444 524 485 praeter
533 434 633 486 spem
652 447 751 479 armq
763 461 775 480 ‚
784 447 850 485 pro
872 434 1045 486 republica
1061 446 1222 487 accepta,
1241 445 1360 472 contra
1373 447 1445 471 eam
1462 434 1527 471 mi-

231 492 285 529 les
306 494 464 539 verterit,
486 494 528 534 L.
543 494 718 533 Plancum
732 524 744 542 ‚
759 495 813 533 D.
825 495 973 533 Brutum
994 494 1161 547 afficturos
1183 495 1335 533 auxilio.
1362 496 1529 547 Denique

225 556 265 605 fi
280 569 388 607 neque
406 558 539 609 pudore
563 557 689 598 militis
707 557 882 609 prohiberi
897 556 1018 609 finum
1046 556 1238 609 reipublice,
1252 586 1263 604 ‚
1288 571 1393 609 neque
1419 558 1528 595 armis

230 614 490 667 defendentium
515 617 653 670 poffet‚·
684 629 723 656 at
758 617 816 655 illi
844 618 1076 657 occumberent
1102 632 1166 669 pro
1204 620 1358 656 libertate
1381 619 1530 670 potius,

229 691 332 729 quam
362 678 451 716 male
478 677 513 715 δ’
534 678 722 730 infeliciter
744 690 923 729 expertam
942 678 1211 717 dominationem
1239 681 1434 731 reciperent.
1468 680 1522 719 Et

231 738 400 789 majorum
421 739 580 791 exempla
609 739 948 787 memorabantur,
968 739 1095 790 quibus
1119 753 1189 790 prae
1207 754 1321 777 amore
1350 740 1525 777 libertatis

228 799 325 837 nihil
348 799 460 851 fiterit
495 801 532 838 in
556 800 634 839 vita
670 815 788 839 carum
817 812 920 851 atque
946 799 1147 851 pretiofizm.
1188 799 1422 847 Hujusmodi
1457 801 1523 838 in-

229 868 290 899 ter
317 860 354 899 se
394 862 505 901 dic‘tis
542 862 725 909 animati,
754 875 845 900 mox
870 861 909 899 in
945 863 1156 899 maximam
1188 860 1374 900 fiduciam
1403 874 1525 900 vene-

226 931 345 971 runt,
376 924 577 974 postquam
612 925 752 963 eadem
781 924 844 963 die
875 922 1040 973 appulfis
1071 935 1118 962 ex
1150 922 1277 962 Africa
1309 921 1527 974 legionibus

230 985 405 1033 duabus,
437 985 634 1036 equitibus
671 985 776 1025 mille
792 1016 804 1033 ,
829 987 922 1024 Diis
947 986 1029 1038 ipfis
1056 999 1144 1024 curae
1173 984 1236 1037 ff
1258 986 1446 1038 custodiam
1472 985 1527 1030 clf

227 1046 354 1086 vitatis
382 1048 622 1098 interpretati
645 1047 745 1087 sunt.

283 1108 421 1149 LXIV.
453 1110 573 1161 Igitur
593 1110 778 1160 adjuncta
804 1109 982 1161 legione,
1013 1121 1126 1160 quam
1154 1122 1278 1159 nuper
1301 1108 1415 1148 Pansa
1433 1122 1525 1158 prae.

226 1169 322 1210 fidio
349 1171 433 1211 urbi
459 1172 685 1224 reliquerat,
709 1172 961 1222 janiculum,
984 1172 1049 1211 ubi
1078 1172 1251 1222 pecuniae
1273 1178 1380 1209 erant
1407 1182 1526 1220 repo-

228 1233 305 1274 fitae
321 1265 333 1281 ,
356 1245 594 1287 pontemque
612 1238 781 1276 fluminis
801 1244 1039 1287 occuparunt
1068 1236 1274 1287 praefidii83
1297 1248 1364 1286 per
1387 1235 1523 1274 urbem

203 1295 495 1353 „disposuerunt
531 1299 737 1347 stationes;
770 1300 810 1338 in
845 1310 957 1349 portu
990 1310 1144 1347 quoque
1185 1298 1373 1347 parandas
1409 1307 1526 1335 naves

229 1368 480 1409 curaverunt,
508 1371 552 1398 ut
575 1360 664 1400 victi
692 1372 780 1399 cum
808 1359 983 1410 pecuniis
1008 1359 1197 1408 fugerent.
1223 1357 1406 1397 Caesarem
1428 1358 1523 1396 intra

230 1423 442 1472 centesimum
465 1423 510 1460 ab
540 1423 620 1460 urbe
646 1423 796 1475 lapidem
829 1437 905 1462 cum
934 1421 1084 1461 exercitu
1108 1422 1279 1473 confistere
1306 1426 1524 1459 vetuerunt.

226 1483 323 1523 Haec
349 1483 435 1522 satis
456 1483 696 1522 confidenter
719 1486 814 1524 acta.
837 1484 913 1524 Sed
937 1483 1004 1522 ubi
1028 1483 1129 1533 signa
1153 1481 1336 1532 legionis,
1360 1495 1381 1521 a
1408 1480 1524 1521 Pansa

227 1543 398 1591 relierae,
414 1545 557 1583 araneis
579 1544 684 1583 velut
709 1557 757 1584 ex
775 1544 894 1594 longo
917 1543 986 1582 situ
1001 1542 1157 1593 oppleta
1181 1544 1308 1581 venire
1322 1543 1421 1591 visa,
1436 1556 1525 1593 pro-

229 1605 322 1656 digii
356 1606 520 1656 speciem
550 1614 776 1656 metumque
806 1606 956 1654 fecere3
988 1605 1226 1656 quaefitaeque
1262 1605 1416 1645 Caesaris
1443 1619 1525 1645 ma-

226 1673 284 1705 ter
315 1669 351 1707 &
376 1667 481 1707 soror
506 1681 586 1707 non
607 1675 908 1718 comparuerunt
925 1697 937 1715 ,
971 1667 1129 1715 amicis,
1159 1667 1264 1716 apud
1301 1679 1397 1717 quos
1421 1666 1525 1705 cela-

225 1727 389 1776 bantur,
415 1729 576 1780 gratiam
605 1727 803 1778 minasque
822 1727 1124 1768 adversariorum
1154 1728 1293 1777 pariter
1312 1727 1524 1778 spernenti-
1587 1744 1592 1749 ·

226 1790 323 1831 bus:
348 1793 487 1831 iterum
509 1793 624 1831 rediit
649 1792 764 1831 timor
780 1822 791 1839 ‚
807 1800 914 1831 tanta
929 1791 1220 1842 opportunitate
1242 1790 1397 1838 amiffa,
1416 1789 1527 1839 quod

228 1853 288 1893 his
313 1854 508 1895 obfidibus
532 1854 724 1906 quidlibet
739 1855 977 1906 impetraturi
995 1854 1145 1893 facilius
1162 1867 1182 1892 a
1198 1853 1343 1893 Caesare
1357 1853 1522 1892 fuerant.

285 1919 401 1959 LXV.
423 1921 544 1970 Atque
565 1919 630 1958 ille
648 1950 660 1967 ‚
681 1919 756 1958 suis
783 1920 944 1966 timens,
967 1930 1058 1957 cum
1085 1917 1271 1967 prioribus
1293 1917 1445 1957 Patrum
1465 1916 1521 1956 le.

227 1983 355 2030 gatis,
396 1981 490 2020 dum
524 1981 705 2020 mandata
735 1990 968 2031 exponunt,
1004 1987 1159 2018 mutatae
1197 1977 1391 2017 sententiae
1423 1990 1522 2016 nun.

225 2043 325 2082 tium
351 2043 646 2094 supervenisset,
683 2055 774 2082 cum
811 2042 962 2082 irritatis
994 2041 1104 2092 supra
1141 2041 1302 2080 modum
1334 2039 1522 2079 militibus

227 2107 395 2148 Romam
417 2115 618 2158 properat3
641 2106 858 2157 praemissis,
876 2106 941 2157 qui
965 2106 1053 2144 bono
1069 2106 1185 2143 animo
1198 2103 1260 2156 effe
1270 2103 1437 2157 populum
1452 2105 1524 2141 Ro-

227 2183 391 2215 manum,
419 2171 454 2208 6·
474 2169 638 2222 quiescere
665 2168 844 2218 juberent
862 2199 874 2216 ‚
897 2168 992 2205 nihil
1008 2167 1126 2219 hostile
1143 2167 1330 2219 paffuru'm.
1362 2165 1419 2204 Ita
1446 2177 1521 2215 pa-

229 2239 318 2269 cato
345 2229 497 2280 agmine
523 2229 698 2277 accessit‚
733 2227 986 2279 omnibusque
1020 2229 1113 2266 citra
1145 2225 1440 2265 controversiam
1473 2227 1516 2264 in

229 2291 457 2342 potestatem
485 2292 675 2341 acceptis,
707 2290 774 2330 sub
804 2289 995 2341 Quirinali
1030 2288 1130 2328 colle
1156 2288 1334 2327 constitit.
1367 2287 1420 2328 Eo
1446 2287 1520 2326 sta-

229 2354 301 2392 tim
332 2354 424 2392 mira
454 2353 666 2392 mutatione
700 2351 909 2392 affectuum
941 2361 1124 2390 venerunt
1155 2349 1311 2399 quidam
1340 2361 1388 2387 ex
1413 2347 1517 2386 sena·

227 2415 404 2465 toribus,
426 2427 517 2455 mox
534 2416 650 2454 etiam
673 2414 892 2466 promiscua
923 2412 1157 2459 multitudo,
1179 2409 1367 2450 salutandi
1392 2408 1517 2459 ipsum

274 2535 300 2581 5
322 2535 442 2572 Lxm.
467 2534 547 2570 Dio.
568 2534 715 2578 Appian.
744 2534 766 2579 5
790 2532 907 2567 Lxxv.
927 2532 1073 2576 Appiam.
1095 2529 1176 2564 Dio.
1204 2528 1272 2563 ω.
1298 2526 1427 2572 Obseq.
