1685 3042
318 224 383 271 44
447 206 1490 257 JO.FRE1NSHEM113UPPLEM.·

319 316 424 356 lutus
454 316 504 355 ad
536 316 631 356 alios
657 315 847 356 sermones
870 316 1041 356 eximere
1060 314 1317 366 suspicionem
1349 321 1509 354 conatus
1535 315 1603 356 est.⁸

320 377 582 419 deambulavit
604 380 721 420 etiam
750 393 771 419 a
796 392 934 425 coena,
954 379 1214 430 praefectisque
1241 377 1454 429 vigiliarum
1478 378 1606 428 impe-

319 441 439 490 ravit,
462 454 544 492 quae
561 442 791 483 videbantur
807 441 1068 492 agendarsed
1089 440 1265 480 cubitum
1288 441 1408 479 iturus
1425 472 1440 488 ,
1463 441 1602 479 arctius

318 501 534 552 diutiusque
553 501 594 540 in
613 502 818 552 com-plexu
840 492 1197 542 fimrerorum
1219 500 1333 540 haefit.
1363 500 1460 540 Inde
1474 511 1600 538 novus

317 561 395 601 illis
419 562 538 601 timor
559 578 567 603 :
597 562 802 612 ensemque
828 561 940 613 supra
965 561 1093 601 cubile
1120 562 1290 612 pendere
1315 560 1470 601 solitum
1494 556 1605 599 amo-

315 633 466 665 verunt.
504 625 600 665 Cato
624 637 713 664 cum
737 624 836 663 libro
867 624 1055 672 Platonis,
1078 625 1142 675 qui
1166 624 1335 664 Phaedon
1360 623 1604 669 inscribitur,

317 687 541 727 cubiculum
570 687 780 739 ingrefl'uS,
805 689 1011 739 interrogat
1037 687 1210 735 servum,
1236 688 1314 741 quis
1346 687 1503 740 gladium
1536 684 1603 722 ab'-

308 748 485 804 stulzſjet?

372 810 448 850 LV.
482 810 554 850 1110
579 813 753 858 tacente,
780 810 986 851 lectionem
1016 809 1245 849 continuat:
1279 807 1395 858 paulo
1425 807 1510 857 post
1534 807 1603 845 ite-

318 883 405 909 rum
447 872 602 921 requirit
632 872 788 919 ensem3
817 884 890 911 nec
919 872 1063 920 allato,
1101 870 1245 909 librum
1274 868 1445 919 perlegit.
1499 867 1606 907 Tum

316 929 483 981 singulos
506 931 699 971 advocans
721 931 845 971 servos
862 962 873 980 ,
890 932 1094 982 ensemque
1117 929 1291 981 flagitans
1309 929 1445 967 acriter
1457 957 1469 976 ,
1483 939 1608 966 unum

317 993 433 1031 etiam
457 992 640 1042 percuffit
673 1005 828 1043 pugno,
856 1005 1090 1043 manumque
1127 992 1356 1031 cruentavit.
1412 989 1604 1030 Postremo

315 1053 440 1093 filium
471 1055 507 1093 ὃς
536 1054 683 1093 amicos
712 1063 957 1094 accurrentes
981 1055 1192 1105 increpavit
1227 1052 1416 1104 asperiuS,
1443 1053 1514 1104 fibi
1544 1067 1607 1091 nec

314 1117 414 1169 deff
451 1118 612 1157 rationem
640 1119 829 1166 moriendi,
850 1121 891 1170 fi
922 1119 1043 1166 vellet,
1079 1131 1195 1157 amoto
1228 1118 1370 1171 gladio,
1399 1115 1579 1155 dictitans
1593 1128 1605 1152 τ

312 1194 416 1231 neque
430 1194 508 1219 vero
530 1192 653 1232 putare
668 1212 680 1230 ,
697 1181 748 1219 ita
762 1180 920 1232 excidzffi
933 1194 1038 1220 mente
1052 1210 1063 1228 ‚
1079 1194 1117 1219 ιιι
1134 1182 1282 1220 reciderit
1306 1181 1341 1217 in
1354 1178 1431 1230 filii
1447 1177 1602 1216 tutelam.

313 1239 403 1289 Illi,
425 1239 530 1280 luctu
566 1248 684 1290 atque
703 1254 866 1280 moerore
896 1242 1184 1292 propemodum
1213 1239 1445 1285 exanimati,
1464 1239 1605 1288 jubent

313 1299 437 1341 afferri
464 1300 651 1351 gladium.
688 1314 802 1352 quem
819 1301 884 1342 ubi
912 1302 1044 1341 eduxit
1067 1311 1182 1352 atque
1204 1300 1457 1340 consideravit
1479 1300 1573 1339 Cato
1590 1329 1604 1347 ,

313 1364 481 1414 1eposuit
510 1365 675 1413 iterum,
706 1365 911 1416 denuoque
930 1364 1072 1404 librum
1098 1378 1118 1404 a
1145 1365 1272 1415 capite
1299 1364 1348 1403 ad
1376 1362 1523 1402 calcem
1548 1375 1606 1401 re.

313 1425 408 1477 legit
432 1427 480 1466 ad
506 1426 698 1467 lucernam
720 1426 729 1466 i
765 1427 907 1469 deinde
937 1427 1089 1467 securus
1114 1427 1354 1473 obdormiit,
1377 1435 1421 1465 ut
1448 1426 1604 1465 sterten-

312 1496 392 1531 tem
427 1490 692 1539 perciperent,
715 1489 778 1538 qui
807 1489 1052 1530 excubabant
1074 1502 1145 1541 pro
1179 1488 1340 1527 foribus.

382 1558 476 1599 LVI.
520 1559 598 1598 Sub
628 1559 797 1598 mediam
838 1561 994 1598 noctem
1023 1560 1160 1600 Butam
1198 1559 1394 1608 quendam
1432 1557 1603 1596 accitum

313 1621 364 1661 ad
392 1634 495 1659 mare
518 1620 616 1659 misit
643 1620 791 1668 visum,
812 1636 901 1660 anne
918 1622 997 1677 jam
1019 1622 1197 1675 sblwffi’nt
1224 1636 1361 1661 omnes.-
1389 1623 1424 1661 Sc
1447 1621 1602 1660 medico

310 1682 475 1734 praebuit
500 1681 748 1732 obligandam
778 1695 937 1721 manum
953 1712 964 1731 ,
998 1695 1081 1733 quae
1108 1695 1156 1722 ex
1180 1684 1256 1722 istu
1279 1683 1526 1722 intumuerat.
1558 1680 1606 1720 Id

313 1744 423 1796 spem
444 1745 538 1784 fecit
564 1743 738 1795 reliquis,
761 1745 888 1783 vivere
912 1755 999 1784 eum
1028 1744 1272 1784 constituisse.
1307 1745 1381 1784 Sed
1408 1742 1487 1782 falfi
1507 1741 1605 1782 sunt.

312 1819 405 1848 cum
430 1808 534 1847 enim
556 1807 723 1846 reversus
748 1807 846 1847 Buta
863 1808 1004 1860 solvz'ffe
1034 1825 1147 1849 omnes
1178 1806 1443 1855 renuntiasset,
1468 1819 1606 1859 excepto

318 1871 435 1924 Craſjb
452 1902 465 1920 ‚
482 1871 517 1909 δ’
533 1873 751 1910 vehementem
772 1884 907 1910 ventum
933 1871 1115 1924 incubuiffe
1128 1872 1215 1910 mari
1228 1886 1245 1918 ;
1260 1869 1356 1909 sorte
1371 1869 1605 1920 fugientium

312 1932 504 1981 indoluit,
535 1933 748 1983 remisitque
779 1933 974 1980 eundem,
997 1946 1058 1982 ut,
1071 1936 1111 1986 fi
1140 1927 1216 1986 quii
1239 1932 1332 1985 fime
1357 1931 1504 1985 alicujus
1527 1933 1603 1984 opis

311 1998 452 2050 indigus
472 1997 701 2050 remanfiffi’t„
717 1999 758 2036 id
778 1997 878 2049 adse
899 1996 1078 2048 referretur.
1116 1996 1193 2036 Ubi
1216 1994 1280 2034 ille
1306 1995 1413 2035 altum
1443 1997 1480 2033 in
1500 2008 1603 2047 portu

300 2060 476 2112 filentium
497 2059 556 2112 effi
573 2059 790 2107 nuntiavit,
806 2060 920 2108 janua
944 2057 1070 2097 claudi
1098 2057 1194 2108 jussa
1209 2088 1220 2107 ,
1245 2065 1429 2108 tanquam
1452 2056 1603 2096 dormi-

311 2131 419 2163 turus
445 2123 484 2161 in
505 2121 688 2162 lec‘tulum
712 2121 819 2161 suum
845 2121 881 2160 se
905 2121 1083 2172 reposuit.

383 2184 498 2225 LVII.
527 2184 603 2224 Sed
637 2183 762 2223 statim
795 2192 988 2235 arreptum
1021 2195 1246 2222 mucronem
1273 2181 1399 2221 infixit
1424 2181 1601 2232 corpori:

314 2259 442 2298 neque
458 2247 717 2294 exanimatus,
736 2247 824 2297 quia
847 2259 981 2285 manus
1000 2247 1237 2285 inflammata
1252 2245 1376 2284 fuerat
1394 2245 1442 2284 ad
1463 2244 1603 2283 ferien-

316 2309 408 2349 dum
443 2309 649 2359 infirmior,
687 2309 831 2349 decidit
870 2309 1015 2358 cubili,
1049 2310 1277 2360 strepituque
1313 2308 1420 2347 edito
1461 2307 1601 2346 excivit

315 2370 621 2412 sollicitudinem
659 2371 826 2414 suorum.
853 2372 1078 2423 Irrumpunt
1106 2373 1145 2411 in
1177 2370 1399 2411 cubiculum
1436 2369 1535 2410 filius
1565 2370 1601 2409 ’ἐξ

361 2507 384 2552 S
409 2508 479 2542 LV.
504 2508 649 2553 Appiam.
673 2508 762 2544 Plut.
782 2510 871 2543 Flor.
894 2520 935 2551 4,
952 2521 983 2544 2.
1011 2509 1032 2555 §
1063 2508 1151 2543 LVI.
1180 2507 1261 2542 Dio.
1281 2507 1373 2542 mut.
