1685 3042
275 197 366 260 356
439 187 1461 241 JO.FRE1NSHEM118UPPLEM.‘

270 303 433 342 traditae.
466 300 599 340 Romae
625 297 663 338 P.
704 295 896 337 Falcidius
925 295 1098 334 tribunus
1131 293 1253 344 plebis
1285 292 1410 343 legem
1442 292 1554 343 tulit,

271 365 382 412 cujus
407 362 462 401 vis
495 374 544 400 ne
570 371 672 400 nunc
700 359 855 409 quidem
888 357 1115 408 exspiravit,
1146 357 1198 394 uti
1224 370 1264 394 ne
1286 356 1422 403 minus,
1450 369 1552 408 quam

268 440 426 482 quartam
444 437 573 478 partem
593 424 798 464 hereditatis
812 453 823 471 ‚
847 437 892 460 ex
915 423 1108 474 testamento
1128 421 1263 459 heredes
1282 419 1447 472 capiant:
1472 433 1555 470 gra-

268 497 390 529 vatam
413 487 539 539 legatis
563 484 783 524 hereditatem
807 483 971 520 dimittere
989 482 1091 520 liceat
1109 481 1221 519 heredi
1235 507 1247 528 -‚
1265 493 1390 532 quarta
1410 491 1553 518 retenta.

266 544 414 600 Legem
445 561 511 599 per
536 547 573 587 se
595 548 675 586 non
699 545 894 593 iniquam,
921 552 1051 582 tamen
1083 544 1123 581 in
1152 542 1303 582 Caesaris
1334 541 1494 592 gratiam
1531 553 1554 579 a

265 607 441 650 Falcidio
473 607 588 646 latam
615 603 872 650 crediderim,
896 603 992 641 inter
1019 603 1217 653 penuriam
1246 601 1472 652 pecuniariae
1499 597 1553 639 rei

265 669 504 721 respicientis
532 667 580 705 ad
609 665 753 714 judicia
781 665 991 702 amicorum
1017 670 1280 710 mortuorum,
1306 675 1477 712 aegreque
1499 662 1553 700 fe.

271 733 419 779 tentis,
455 730 478 769 si
510 726 608 767 nihil
642 726 707 765 srbi
744 724 911 775 legatum
942 725 1066 774 effet3
1102 732 1140 763 at
1167 725 1354 774 majorem
1384 723 1553 762 timentis

267 793 455 834 invidiam
473 821 483 835 ‚
509 789 533 828 fi
564 787 719 839 quando
743 786 840 825 nihil
867 799 931 826 aut
958 799 1094 837 parurn
1120 798 1316 826 remanere
1342 783 1450 835 *apud
1485 783 1554 823 he-

264 855 380 895 redes
416 852 619 890 videretur.
657 849 758 889 Nam
792 847 982 898 populus,
1016 847 1147 889 multis
1179 847 1338 887 afflictus
1365 845 1547 896 miseriis,

267 918 311 957 in
338 924 441 955 metu
464 916 499 954 &
535 911 796 963 desperatione
825 910 973 961 agebat.
1009 912 1096 951 Acri
1121 911 1162 949 in
1184 909 1288 949 fame
1311 907 1567 949 frumentunr
1621 916 1646 926 ‘¹

264 989 340 1018 nec
377 975 425 1015 ab
460 975 619 1015 Oriente
647 972 953 1021 subvehebatur,
984 971 1547 1023 negotiatoribus'Pompejum

268 1042 308 1080 δε
338 1037 505 1079 Siciliam
535 1035 783 1084 timentibu83
816 1046 888 1073 nec
911 1034 958 1073 ab
992 1034 1228 1082 Occidente,
1257 1032 1362 1083 quod
1389 1034 1428 1072 in
1456 1031 1553 1082 ejus-

266 1099 359 1142 dem
389 1099 564 1150 Pompeji
591 1097 779 1149 potestate
819 1096 968 1137 Corfica
998 1098 1032 1137 8(
1059 1095 1232 1137 Sardinia
1267 1091 1397 1143 eiant3
1436 1096 1552 1134 etiam

263 1165 466 1207 Africanos
497 1171 733 1203 commeatus
758 1169 937 1213 vagantes
964 1161 1005 1200 in
1037 1161 1168 1200 medio
1196 1160 1293 1200 mari
1321 1171 1434 1199 naves
1469 1159 1552 1208 ejus

266 1226 593 1268 intercludebant.

323 1305 481 1347 XXIX.
502 1300 704 1343 Conviciis
734 1299 847 1354 igitur
867 1313 989 1356 pacem
1009 1314 1084 1341 cum
1108 1298 1279 1354 Pompejo
1303 1297 1469 1351 populus
1487 1311 1553 1338 ex-

264 1369 470 1423 poscebat:
508 1379 580 1406 nec
611 1366 731 1409 Caesar
759 1366 993 1405 flectebatur.
1023 1365 1174 1404 idcirco
1202 1364 1412 1411 Antonius,
1429 1365 1467 1414 fi
1486 1363 1553 1401 bel-

265 1429 412 1471 landum
443 1430 558 1481 utique
572 1429 691 1481 fhret,
717 1428 868 1466 celeriter
900 1427 964 1464 lzoc
987 1427 1156 1478 agendum
1191 1424 1411 1474 judicabat,
1431 1423 1552 1475 prius?-

263 1508 368 1549 quam
398 1492 520 1543 inopia
551 1490 665 1542 magis
692 1489 946 1541 ingravesceret.
979 1487 1157 1526 Edidlum
1186 1487 1300 1536 igitur
1330 1479 1382 1524 est
1410 1497 1550 1536 propo-

260 1558 374 1597 situm
391 1585 402 1603 ‚
441 1567 515 1604 quo
540 1554 576 1591 in
601 1552 720 1604 capita
751 1550 999 1602 mancipiorum
1023 1549 1203 1587 dimidium
1227 1547 1324 1599 ejus,
1348 1550 1439 1598 quod
1461 1547 1552 1585 Phi.

258 1617 407 1672 lippenfi
429 1615 518 1654 bello
539 1612 662 1666 fixerat
698 1616 875 1658 exactum,
908 1609 1187 1661 imperabatur:
1207 1616 1294 1647 tum
1325 1619 1452 1647 autem
1484 1609 1552 1648 de·

260 1679 390 1720 uarios
424 1678 564 1727 quinos
594 1677 628 1714 Sc
662 1674 818 1713 vicenos
857 1671 1057 1711 solverant.
1091 1673 1211 1711 etiam
1237 1673 1277 1709 de
1307 1671 1553 1711 hereditatibus

260 1755 355 1781 certa
376 1754 461 1793 pars
501 1734 787 1777 detrahebatur.
817 1734 965 1775 Idcirco
999 1733 1108 1785 plebs
1147 1733 1355 1773 furibunda
1384 1732 1554 1782 deripuit

261 1804 458 1844 edictum:
492 1800 740 1848 favoremque
782 1792 1104 1847 Pompejanarum
1135 1795 1298 1846 partium
1335 1794 1553 1843 ostentans,

262 1877 355 1905 cum
396 1859 633 1903 Circensibus
675 1859 847 1910 Neptuni
889 1858 1130 1898 fimulacrum
1161 1858 1384 1904 inferretur,
1419 1857 1553 1908 ingen-

258 1934 339 1967 tem
359 1923 533 1976 plausum
562 1922 692 1969 dedit,
717 1923 854 1967 Sexto,
878 1922 941 1971 qui
968 1920 1003 1959 se
1023 1920 1142 1959 filium
1170 1922 1251 1968 ejus
1279 1919 1350 1959 Dei
1375 1918 1546 1966 ferebat,

259 1987 503 2039 gratifican83
541 1986 576 2024 δι
613 1996 700 2023 cum
731 1984 793 2022 die
833 1982 1006 2033 proximo
1042 1980 1202 2020 solemni
1235 1994 1383 2032 pompa-³¹
1410 1980 1549 2018 detrahi

258 2064 335 2089 eam
366 2048 485 2088 Caesar
518 2045 696 2096 jussisset,
734 2043 918 2095 lapidatio
940 2044 991 2092 ¹in
1025 2041 1261 2094 magistratus
1291 2042 1415 2088 faeta,
1446 2041 1547 2091 iique

257 2111 346 2151 foro
376 2108 515 2160 expulsr
544 2108 642 2147 sunt.
680 2106 829 2146 Caesaris
861 2105 952 2156 quin
979 2106 1098 2143 immo
1131 2106 1165 2144 ἃ
1198 2104 1353 2144 Antonii
1389 2104 1545 2152 dejestae

256 2174 401 2213 statuae.
443 2171 644 2216 Postremo,
675 2182 764 2208 cum
789 2168 870 2208 haec
898 2168 1026 2207 omnia
1061 2166 1190 2205 frustra
1221 2166 1363 2213 effent,
1394 2161 1547 2214 agmina

256 2233 526 2274 seditiosorum
564 2240 810 2270 cucurrerunt
840 2243 906 2282 per
938 2229 1095 2276 urbem,
1131 2226 1296 2266 clamore
1324 2227 1545 2266 vocantium

219 2300 224 2305 ’
260 2306 438 2344 ceteros,
480 2294 785 2343 minantiumque
818 2293 1013 2332 incendium
1052 2292 1204 2340 aedibus,
1239 2304 1381 2343 quarum
1414 2288 1546 2327 domini

304 2416 327 2460 §
352 2414 514 2448 XXVIII.
542 2414 620 2450 LiV.
644 2413 734 2458 Epir.
756 2412 906 2458 Appian.
929 2412 1038 2446 strab.
1059 2412 1085 2446 1.
1114 2421 1165 2444 12.
1189 2407 1310 2444 Euseb.
1343 2407 1487 2442 sueton.
1510 2406 1545 2439 in

266 2469 352 2513 Aug.
376 2479 404 2502 c.
427 2471 478 2503 16.

1677 2151 1685 2444 .2——-..—-.-.*—.-.
1684 2134 1685 2138 „
1680 2052 1685 2124 4-
