1685 3042
236 215 315 263 IN
366 211 538 259 [ΘΟ
582 208 721 253 LIB.
787 205 911 251 CXV
972 205 1116 253 LIV.
1264 217 1322 264 59

45 337 120 377 que
140 323 221 363 dies
249 321 334 361 sunt
357 319 494 358 editae:
524 318 559 356 δε
579 313 779 355 novissimo
803 312 986 362 quingeni
1013 311 1159 361 pedites
1174 340 1186 357 ‚
1203 308 1330 348 viceni

45 385 262 436 elephanti,
295 383 438 433 equites
470 379 615 419 treceni
652 375 863 424 commiffi,
900 373 1058 413 sublatis
1089 375 1218 421 metis,
1252 385 1329 422 quo

43 447 208 499 spatium
234 441 509 487 dimicantibus
537 439 661 487 esset,
682 436 856 487 binisque
883 436 1009 475 castris
1040 447 1172 474 eorum
1204 435 1245 472 in
1268 433 1334 472 lo-

47 519 137 546 cum
159 504 355 555 repositis,
379 501 589 552 euripoque
615 500 656 539 in
673 510 810 548 gyrum
834 496 968 536 addito
983 526 993 544 ,
1018 504 1152 534 contra
1169 494 1336 544 eruptio.-

45 582 134 609 nem
170 566 393 608 belluarum.
428 562 613 609 Athletae,
636 560 754 600 stadio
790 560 837 602 ad
866 568 1018 609 tempus
1054 557 1265 603 exstructo,
1294 557 1336 599 iu

46 634 204 684 regione
234 631 363 672 Martii
392 629 519 681 campi
546 633 788 666 certaverunt
816 637 885 675 per
913 624 1094 665 triduum.

102 695 249 737 XXIV.
280 693 421 735 Graeeis
446 690 546 729 ludis
571 690 614 729 C.
645 689 852 728 Octavium
879 685 1074 737 prefecit,
1098 682 1233 722 sororis
1262 678 1337 719 sure

47 765 255 807 nepotem,
285 768 399 807 quem
428 751 677 792 successorem
705 750 866 789 fortunae
897 748 970 786 suae
999 746 1254 796 destinatum,
1278 755 1342 781 va·

52 820 113 859 riis
140 821 218 869 jam
247 827 329 858 tum
360 816 571 857 honoribus
601 813 801 855 evehebat.
831 813 932 858 Nam
954 813 988 850 ἅ
1015 822 1135 859 nuper
1163 818 1344 858 quatuor..

54 882 181 921 decim
204 881 311 921 annis
341 889 430 920 nato
468 878 614 918 virilem
650 874 760 914 fimul
789 883 918 924 togam
955 874 990 911 ἃ
1017 870 1270 910 sacerdotium
1304 867 1347 908 in

56 943 189 983 locum
221 943 261 984 L.
286 942 445 986 Domitii
464 941 645 987 dederat3
668 940 703 978 ἃ
728 937 869 978 Latinis
890 934 1111 986 praesectum
1129 931 1231 970 urbis
1254 941 1347 969 con-

55 1004 249 1051 stituerat3
277 1005 312 1042 &
327 1000 589 1051 triumphans,
607 1010 784 1038 ornatum
806 998 919 1037 donis
945 993 1172 1034 militaribus
1186 1023 1197 1040 ,
1215 1003 1348 1042 quam-

58 1076 173 1115 quam
199 1062 371 1103 interesse
396 1075 474 1101 non
497 1069 673 1112 potuerat
697 1060 799 1100 bello
816 1091 826 1109 ,
857 1072 1010 1098 currum
1038 1058 1146 1097 suum
1173 1052 1349 1106 prosequi

55 1127 218 1178 jusserat.
242 1124 387 1167 Navale
416 1123 599 1175 proelium
623 1137 702 1162 non
724 1124 763 1161 in
785 1123 882 1162 mari
907 1131 974 1161 aut
994 1121 1080 1160 lacu
1107 1119 1260 1169 aliquo,
1282 1116 1350 1156 sed

59 1189 101 1229 in
133 1188 282 1227 minore
306 1186 466 1237 *Codeta
507 1185 706 1232 exhibuit,
738 1193 860 1234 partev
879 1183 1008 1223 Martii
1040 1182 1169 1232 campi
1195 1180 1347 1232 effoffir,

61 1247 274 1288 &immisso
296 1245 467 1287 fluniine.
506 1246 790 1286 Concurrerunt
812 1244 974 1283 biremes
1001 1255 1045 1282 ac
1069 1244 1240 1281 triremes
1263 1253 1353 1290 qua.

61 1309 316 1360 driremesque
338 1309 466 1360 Tyriae
495 1310 530 1350 ὃς
557 1307 742 1359 AEgyptiae
768 1305 888 1345 classis
905 1336 916 1354 ,
941 1303 1213 1355 quadringenis
1230 1303 1343 1341 remi-

61 1370 172 1423 gibus
198 1370 410 1417 instruetae,
441 1371 476 1409 &
504 1368 670 1408 millenis
694 1367 896 1407 navalibus
920 1366 1043 1406 sociis.

134 1432 266 1478 XXV.
298 1431 343 1471 Et
369 1429 453 1469 haec
485 1430 614 1468 omnia
639 1427 855 1480 spectacula
893 1439 983 1467 cum
1012 1433 1120 1465 tanto
1152 1422 1358 1462 hominum

67 1492 257 1533 concursu
286 1491 477 1531 celebrata
503 1490 646 1539 effenr,
669 1499 712 1533 ut
744 1489 915 1541 plerique
948 1489 1103 1529 advenae
1129 1487 1226 1524 inter
1251 1484 1357 1524 vicos

68 1562 133 1592 aut
158 1554 237 1593 vias
266 1552 334 1591 sub
356 1551 520 1603 pellibus
548 1564 701 1590 manere
729 1558 981 1601 cogerentur,
1005 1547 1191 1596 multique
1220 1552 1361 1584 morta-

65 1613 147 1661 les,
175 1616 211 1654 ἃ.
239 1614 278 1652 in
312 1613 372 1652 his
406 1613 482 1652 duo
510 1612 699 1652 senatores
736 1611 968 1651 eliderentur
995 1609 1033 1648 in
1067 1606 1202 1654 turba3
1238 1603 1286 1644 ab
1314 1603 1360 1645 iis

67 1678 154 1728 ipsis
171 1708 184 1725 ‚
206 1689 369 1728 quorum
393 1675 542 1717 summa
573 1677 613 1715 in
639 1675 778 1716 talibus
806 1687 896 1713 cura
923 1681 1036 1723 atque
1062 1670 1239 1720 voluptas
1263 1675 1357 1715 erat,

71 1740 215 1793 Caesaris
241 1737 595 1790 reprehendebatur
619 1751 693 1776 cum
711 1734 855 1789 saevitia
887 1734 1123 1787 prodigalitas
1139 1763 1152 1780 ,
1178 1731 1260 1784 qui,
1283 1743 1356 1767 non

69 1814 252 1841 contentus
275 1803 438 1856 immenso
462 1802 638 1854 fiznguine
655 1831 666 1849 ,
694 1813 789 1852 quem
814 1799 939 1851 proelia
971 1797 1175 1850 haufiffint,
1198 1807 1288 1833 nunc
1304 1805 1366 1845 per

71 1864 188 1916 ludum
219 1865 254 1904 δ’
268 1864 385 1916 jocum
415 1876 549 1902 tantam
585 1862 655 1900 vim
684 1860 759 1913 ejus
777 1889 789 1907 ,
808 1873 881 1897 una
910 1872 985 1897 cum
1013 1857 1163 1896 extortis
1189 1852 1364 1907 iniquzffi'·

71 1939 121 1963 me
138 1925 299 1978 pecuniis
326 1924 522 1977 efficnderetss
548 1923 675 1973 Opera
705 1932 858 1971 quoque
892 1920 981 1959 data
1011 1918 1155 1966 fuerat,
1180 1924 1224 1955 ut
1249 1914 1358 1954 omni

71 1987 286 2032 temeritate
312 1985 507 2025 sumtuum
531 1982 740 2034 cujuslibet
768 1981 939 2032 priorum
964 1978 1140 2030 exempla
1169 1978 1366 2017 vinceren-

76 2056 151 2089 tur.
189 2048 354 2088 Munere
378 2045 604 2097 gladiatorio
632 2042 834 2083 carbasinis
859 2041 956 2082 velis
984 2049 1111 2081 totum
1137 2040 1266 2079 forum
1290 2038 1368 2078 Ro-

76 2122 234 2149 manum
257 2109 417 2156 intexit,
446 2115 488 2147 ut
507 2107 737 2158 spectatores
760 2118 781 2144 a
805 2103 883 2143 sole
904 2103 1161 2150 defenderet,
1185 2102 1365 2150 viamque

78 2173 234 2213 Sacram
251 2172 297 2213 ab
324 2173 444 2212 domo
475 2170 539 2210 sua
565 2171 614 2210 ad
641 2169 784 2209 clivum
818 2167 937 2218 usque
963 2164 1251 2217 Capitolinum:
1278 2160 1371 2214 quod

81 2247 216 2285 (liuttere
256 2234 330 2286 ipso
367 2234 481 2285 vifitm
513 2231 577 2284 effi
613 2230 812 2270 mirabilius
842 2228 1011 2267 tradunt.
1071 2224 1225 2268 Studuit
1258 2223 1374 2262 etiam

79 2295 254 2335 inufitata
271 2296 446 2345 quaedam
472 2303 617 2334 naturae
644 2305 759 2343 opera
782 2290 1180 2340 ostendere3tumque
1197 2286 1368 2337 primum

81 2357 215 2403 Romae
241 2353 315 2397 visa
342 2357 393 2396 est
418 2354 746 2407 camelopardali&

116 2488 138 2537 β
156 2488 278 2522 XXIII.
292 2491 432 2522 Sueton.
446 2489 527 2523 Dio.
543 2490 688 2532 Appian.
705 2488 790 2521 Plin.
805 2488 837 2528 8,
850 2498 881 2527 7.
897 2487 971 2521 Nic.
986 2485 1183 2518 Damascen.
1203 2481 1225 2527 S
1241 2478 1372 2519 XXIV.

82 2531 164 2568 Dre.
184 2533 322 2571 Sueten„
342 2536 487 2579 Appiam.
515 2534 536 2579 (ᾗ
561 2534 667 2570 XXV„
693 2533 772 2567 Dio.
795 2532 879 2567 Pliu.
908 2544 968 2573 ις),
999 2542 1027 2564 1.
