1685 3042
766 94 783 105 n>

284 220 380 268 204
437 207 533 256 πο.
576 205 1091 255 FRmNsm-,Mir
1139 204 1507 256 SUPPLEM;

281 313 462 365 exemplo
481 315 539 355 M.
569 314 727 356 Catonis
754 313 946 365 quaestoris
970 323 1142 364 repetere
1164 313 1478 364 aliquandodata
1492 313 1570 354 hoe

280 379 440 417 nomine
473 380 626 429 praemia
658 379 790 429 poffet.
819 378 1009 428 Proposita
1035 377 1176 417 deinde
1206 376 1493 428 proscriptionis
1518 377 1573 416 est

279 438 436 487 tabula,
457 441 521 487 δι,
549 440 653 479 velut
690 440 827 479 ordine
862 439 1006 479 servato
1035 439 1376 491 proscribentium,
1407 452 1571 491 quorum

279 502 429 551 primus
461 503 587 542 fuerat
623 503 814 553 Lepidus,
848 503 1041 552 proximus
1073 503 1284 551 Antonius,
1315 503 1440 553 primo
1481 501 1570 541 loco

279 562 419 614 Lepidi
458 564 572 603 frater
610 565 842 614 proscriptus
877 563 929 601 est
969 563 1143 612 Paullus;
1184 564 1352 603 seeundo
1383 564 1423 605 L.
1451 563 1573 603 Caesar

278 624 491 664 avunculus
516 627 700 672 Antonii3
726 625 829 673 quod
851 621 990 661 horum
1016 637 1166 673 quoque
1185 624 1382 665 sententiis
1412 623 1572 673 judicati

277 679 404 721 hostes
432 683 485 721 illi
512 684 673 722 fuerant.
706 681 887 732 proximi,
914 681 1028 720 frater
1056 682 1095 721 L.
1122 681 1250 722 Planci
1277 683 1443 730 Plotius,
1465 684 1501 722 Sc
1525 682 1573 724 L.

277 743 483 793 Quinctius
514 744 695 784 Pollionis
711 744 827 784 Asinii
853 744 958 781 socer
982 744 1234 794 legebantur3
1263 757 1350 783 cum
1371 745 1515 784 Asinius
1536 746 1572 784 δε

274 806 435 846 Plancus
459 808 532 847 alia
553 807 721 855 tabella,
748 808 858 856 juxta
892 806 1033 857 posita,
1059 806 1250 857 designati
1274 805 1449 846 consules
1469 819 1582 860 nun-⁴

276 868 470 908 tiarentur.

336 929 546 971 XXXVII.
586 930 788 980 Ejusmodi
828 930 927 970 viros
960 930 1000 968 in
1031 929 1164 981 primis
1201 929 1344 969 tabulis
1386 928 1572 981 proscribi

274 989 502 1041 placuerat,
533 1003 581 1029 ne
612 992 695 1041 quis
735 991 897 1030 aliorum
936 989 1082 1041 sperare
1114 991 1264 1031 veniam
1297 992 1467 1031 auderet,
1501 992 1572 1032 His

278 1052 435 1092 additus
469 1053 511 1093 C.
542 1053 759 1101 Toranius,
792 1055 858 1104 qui
894 1063 996 1092 tutor
1033 1053 1205 1102 Caesaris,
1241 1054 1425 1104 idemque
1454 1055 1572 1105 patris

274 1114 358 1162 ejus
381 1114 532 1154 Octavii
559 1114 708 1165 collega
733 1117 774 1154 in
797 1115 982 1154 aedilitate
1003 1115 1141 1155 fuerat.
1167 1117 1284 1156 Erant
1299 1117 1458 1155 omnino
1474 1115 1574 1155 mul-

272 1175 322 1214 tis
354 1175 401 1214 de
425 1175 544 1214 causis
571 1176 741 1226 graviora
769 1175 851 1215 haec
881 1175 1046 1216 Sullanis
1068 1177 1313 1227 temporibus
1342 1176 1467 1217 mala:
1491 1190 1571 1217 non

273 1235 325 1275 ob
351 1235 641 1275 multitudinem
663 1236 901 1284 occisorum3
929 1229 1020 1286 duin
1049 1236 1248 1286 aliquanto
1281 1237 1407 1276 minor
1430 1250 1568 1276 nume.

271 1311 334 1338 rus
360 1308 441 1337 tum
466 1298 636 1346 interiit,
662 1297 889 1347 patentibus
914 1297 1042 1337 adhuc
1065 1298 1242 1348 effugiis,
1272 1301 1308 1339 &
1338 1312 1464 1340 errore
1485 1300 1570 1340 sub-

271 1359 379 1406 lato,
408 1361 472 1411 qui
509 1361 547 1399 in
577 1360 855 1411 proscriptione
890 1360 1004 1401 Sullae
1037 1360 1202 1409 multos,
1229 1361 1278 1399 de
1310 1361 1450 1410 quibus
1489 1375 1569 1402 non

274 1432 356 1462 erat
385 1424 625 1474 cogitatum,
655 1423 863 1463 sustulerat.
897 1424 994 1465 Cum
1022 1425 1124 1463 enim
1164 1424 1307 1463 facium
1338 1424 1413 1463 hoc
1446 1438 1570 1464 recor.

276 1486 458 1525 darentur
479 1487 668 1535 Tresviri,
690 1499 737 1525 ne
762 1487 975 1536 periculum
1003 1500 1052 1527 ex
1086 1486 1337 1525 similitudine
1362 1487 1566 1527 nominum

274 1547 386 1596 aliis,
407 1561 522 1599 quam
547 1549 611 1599 qui
628 1545 1010 1599 *peterentur‚effet,
1027 1548 1178 1587 seorsim
1203 1547 1420 1597 senatores,
1436 1550 1478 1589 in
1493 1549 1567 1589 alia

273 1611 404 1651 tabula
435 1620 581 1652 ceteros
606 1610 912 1662 proscripserunt.

329 1674 557 1715 XXXVIII.
588 1674 644 1714 De
670 1686 833 1713 numero
856 1682 987 1712 tamen
1019 1674 1190 1713 auffores
1215 1671 1451 1712 dissentiunt.
1484 1672 1565 1722 Qui

270 1733 481 1784 plurimum
513 1743 696 1785 ponunt,
722 1734 914 1773 senatores
945 1734 1172 1785 proscriptos
1199 1735 1349 1772 circiter
1369 1744 1564 1774 trecentos

270 1797 449 1844 tradunt,
472 1799 646 1847 equitum
672 1798 750 1836 duo
772 1797 918 1844 millia;
943 1797 1006 1846 qui
1029 1797 1256 1843 minimum,
1272 1796 1464 1837 senatores
1479 1809 1568 1836 cen-

273 1866 354 1898 tuni
389 1859 555 1909 triginta.
594 1860 668 1900 Sed
704 1859 818 1909 priori
856 1858 1131 1909 proscriptione
1159 1861 1288 1898 minus
1315 1860 1350 1899 δε
1377 1860 1480 1908 apud
1505 1861 1566 1898 in·

272 1921 494 1960 terret-iores
532 1920 715 1968 malitiae,
752 1923 787 1961 ὁὶ
816 1921 919 1971 apud
956 1920 1174 1960 interfectos
1206 1920 1436 1958 miseriarum
1474 1919 1560 1979 fuit.

273 1983 377 2031 Juffu
402 1985 504 2022 enim
540 1983 802 2032 imperatoris,
839 1996 910 2022 nec
940 1982 1082 2021 invisos
1110 1992 1221 2021 antea
1239 2012 1249 2028 ‚
1274 1994 1345 2020 nec
1374 1982 1565 2031 insensos,

271 2046 397 2085 subito
421 2046 714 2097 percutiebant·,
745 2054 783 2084 ut
816 2045 978 2096 tempori
1012 2045 1130 2095 magis
1162 2044 1339 2093 imputari
1370 2043 1451 2083 haec
1477 2057 1562 2083 cru·

274 2107 434 2155 delitus,
459 2121 572 2159 quam
601 2110 756 2155 animo,
787 2108 936 2158 posset:
973 2110 1007 2148 ἃ
1038 2110 1101 2159 qui
1135 2107 1332 2158 peribant,
1362 2116 1449 2146 ante
1484 2120 1562 2146 me.

274 2178 357 2210 tuni
397 2171 529 2210 mortis
567 2172 712 2219 occisi,
746 2184 841 2210 nece
882 2181 1010 2211 tamen
1049 2170 1206 2220 simplici
1245 2169 1562 2220 defungebantur.

274 2230 376 2271 Tum
404 2244 494 2270 vero
528 2233 703 2271 nondum
729 2231 972 2271 exolescente
1004 2231 1237 2282 superiorum
1271 2230 1457 2269 malorum
1484 2242 1562 2269 me-

275 2291 418 2338 moria,
446 2291 538 2341 quin
567 2293 602 2331 &
626 2291 820 2342 superstite
840 2291 969 2341 aliquo
988 2304 1177 2337 numero,
1205 2291 1266 2340 qui
1295 2304 1378 2341 pars
1404 2290 1558 2331 illorum

275 2353 422 2401 fuerat,
453 2359 555 2407 (nec
578 2356 682 2394 enim
716 2355 881 2405 amplius
916 2354 1059 2405 septem
1082 2356 1118 2394 δε
1143 2353 1294 2403 triginta
1324 2354 1414 2392 anni
1438 2353 1556 2392 inter-

322 2464 529 2514 §XXXVL
555 2466 656 2501 Oros.
685 2468 830 2512 Appi-in,
856 2469 878 2514 §
903 2469 1078 2503 XXXVH.
1109 2469 1252 2505 sueton.
1276 2470 1312 2501 in
1332 2470 1418 2514 Aug.
1445 2481 1474 2503 c.
1500 2479 1555 2511 27..

278 2510 423 2554 Appiam.
443 2510 525 2547 Dio.
1514 2525 1517 2528 ⁴
