1685 3042
263 184 357 248 348
421 182 516 233 10.
561 182 1070 232 FREINSHEMH
1109 185 1477 236 supptssm

258 294 315 327 tra
347 287 503 328 Parthos
535 288 774 336 concitaret,
808 289 1040 342 imperatorem
1068 288 1106 343 se
1146 290 1303 329 Curicum
1343 290 1543 332 deridendi

257 348 417 391 Labieni
452 349 561 389 causa
597 349 867 401 appellaverat.
914 351 967 391 Ea
1004 350 1238 390 contumelia
1279 353 1543 401 maximopere

254 412 436 451 accendit
463 412 746 452 adolescentem
775 413 1001 454 irritabilem
1023 416 1058 454 &
1080 414 1284 460 stolidum,
1307 415 1373 464 qui
1396 413 1435 453 se
1450 416 1544 452 Par.

254 474 385 512 :hicum
407 475 640 527 imperatorem
665 474 834 521 ferebat,
863 475 1033 515 moribus
1058 477 1242 516 Romanis
1270 475 1434 515 multum
1463 475 1544 516 dis-

254 546 437 586 crepante
475 537 610 585 titulo;
644 536 735 576 talia
767 538 871 575 enim
904 548 1161 588 cognomenta
1191 539 1484 589 imperatoribus
1520 551 1544 579 a

253 597 488 637 devictarum
523 599 696 648 gentium
724 597 984 648 appellatione
1017 600 1130 638 tribui
1165 601 1451 643 consueverant.
1492 604 1544 644 At

251 658 527 707 Stratonicam‚
563 660 603 698 in
629 659 847 709 propinquo
873 656 1003 710 fitam,
1030 673 1103 700 nec
1129 663 1276 711 impetu
1307 675 1444 714 capere
1471 666 1542 705 La-

250 719 414 769 bienus,
449 734 574 773 neque
607 723 764 769 domare
805 722 921 773 longa
960 726 993 762 <Sc
1023 724 1210 764 laboriosa
1242 725 1440 765 obfidione
1473 741 1542 777 po.

250 784 334 822 tuit.
372 784 497 824 Etiam
522 784 748 835 praedonum
768 786 928 825 audacia
952 786 1162 826 Labienum
1186 787 1351 827 involvit
1377 789 1541 830 difficul-

248 845 418 893 tatibus,
453 857 542 885 cum
573 859 594 885 a
630 847 790 886 ducibus
827 848 1008 889 Romanis
1037 850 1245 889 timeretur.
1287 849 1405 898 Cleo,
1431 862 1538 892 certo

250 906 584 947 Gordiocomenfis
623 907 799 959 Callydio
833 921 1022 960 occupato
1059 909 1227 962 Phrygiae
1257 911 1437 958 castello,
1474 927 1542 962 pe-

248 970 403 1008 cuniam
425 969 696 1020 colligentibus
720 971 947 1011 imminebat
977 973 1138 1020 acriter,
1160 973 1434 1024 apparatusque
1455 974 1541 1015 Par-

246 1030 373 1069 thicos
395 1031 639 1072 disturbabat.
672 1033 748 1071 Sed
774 1031 855 1071 haec
884 1046 1019 1083 parum
1040 1033 1088 1072 ad
1110 1033 1295 1074 summam
1314 1035 1536 1084 proderant,

246 1091 429 1138 absente,
461 1105 579 1143 penes
607 1106 722 1144 quem
752 1093 958 1143 plurimum
990 1105 1072 1134 erat
1104 1097 1310 1146 potentiae,
1344 1099 1534 1138 Antonio:

246 1156 334 1206 qui,
355 1155 506 1196 solvens
529 1170 550 1196 a
568 1156 734 1208 Corcyra
747 1187 757 1204 ,
776 1170 865 1197 cum
886 1158 998 1200 classe
1023 1159 1273 1199 ducentarum
1293 1162 1448 1199 navium
1470 1173 1538 1210 per

245 1216 405 1264 jonium
429 1231 534 1258 mare
551 1218 637 1259 vela
661 1220 852 1269 faciebat3
877 1220 943 1261 ubi
968 1221 1126 1260 obvium
1151 1221 1451 1262 Ahenobarbum
1472 1222 1540 1262 ha.

246 1280 352 1329 buit,
388 1285 554 1331 majores
599 1283 794 1334 aliquanto
831 1285 964 1333 copias
1004 1285 1223 1324 ducentem.
1277 1285 1373 1325 Inde
1409 1294 1535 1328 metus

245 1343 469 1391 nonnullis,
505 1360 546 1382 ne
578 1345 724 1397 juvenis
752 1345 884 1398 fi‘rox,
907 1346 942 1384 δ’
967 1347 1192 1400 proscriptum
1211 1348 1252 1399 se
1278 1340 1425 1401 scie-m,
1444 1350 1537 1402 stare

243 1406 359 1458 paffls
387 1407 570 1446 dubitaret.

300 1469 404 1508 XVl.
420 1470 503 1508 Nec
528 1482 575 1508 eo
598 1471 722 1508 minus
738 1500 749 1515 ,
775 1469 948 1521 subsequi
973 1469 1076 1518 juffis
1100 1470 1277 1522 reliquis,
1301 1484 1389 1513 cum
1405 1473 1536 1513 instru-

247 1530 415 1571 ‹stiffimis
440 1532 607 1582 quinque
635 1532 796 1571 navibus
818 1532 1005 1572 Antonius
1030 1533 1235 1583 pergebat,
1259 1548 1367 1583 cum,
1387 1538 1538 1576 univer-

246 1592 285 1631 sa
318 1593 474 1633 Domitii
507 1593 619 1633 classe
650 1594 854 1645 conspecta
871 1626 882 1641 ‚
909 1595 951 1636 L.
977 1595 1161 1644 Plancus,
1189 1599 1254 1648 qui
1283 1610 1411 1637 comes
1439 1599 1537 1637 ade-

245 1665 305 1694 rat
329 1657 494 1696 Antonio
511 1686 522 1704 ,
538 1657 773 1695 remittendum
794 1659 834 1696 de
857 1657 955 1709 curfit
975 1657 1144 1705 censuit,
1159 1660 1421 1711 {curandamque
1435 1660 1539 1712 prius

238 1733 301 1771 per
323 1719 417 1757 alios
442 1720 585 1757 dubiam
609 1720 675 1757 viri
696 1721 815 1769 fidem.
858 1720 932 1761 Sed
958 1722 1168 1766 Antonius,
1191 1721 1294 1758 malle
1312 1720 1351 1770 ft
1374 1721 1458 1758 mori
1480 1721 1537 1759 de.

243 1792 374 1830 ceptum
401 1782 644 1832 paHionibus,
670 1796 771 1833 quam
797 1782 914 1821 timore
939 1782 1086 1834 confeffb
1099 1782 1258 1834 servari,
1277 1781 1430 1821 testatus
1463 1781 1529 1821 est.

244 1842 321 1882 Ubi
353 1851 616 1882 convenerunt
652 1842 808 1891 classes,
845 1843 988 1894 primus
1024 1843 1133 1884 lietor
1166 1844 1341 1891 Antonii,
1368 1843 1463 1884 stans
1491 1845 1532 1884 in

242 1917 382 1954 prora,
422 1905 663 1945 Domitianos
704 1906 870 1958 aplufiria
910 1907 1084 1944 detrahere
1116 1905 1244 1955 juffit:
1279 1918 1393 1955 quam
1427 1917 1532 1945 reve·

242 1970 375 2010 rentiae
410 1968 574 2020 speciem
617 1971 816 2009 inferiores
855 1970 1040 2010 exhibere
1079 1969 1357 2021 potentioribus
1399 1967 1533 2010 solent.

243 2030 360 2079 Quod
387 2030 452 2069 ubi
484 2041 634 2081 promte
671 2031 816 2072 factum
852 2031 927 2078 est,
954 2031 1164 2082 junctisque
1200 2031 1358 2081 navigiis
1389 2030 1529 2070 saluta·

241 2103 331 2134 runt
358 2096 525 2134 invicem
545 2127 559 2143 ‚
583 2097 617 2135 ἃ
647 2095 693 2134 ab
720 2095 952 2136 Domitianis
978 2096 1163 2135 Antonius
1191 2095 1375 2145 imperator
1405 2094 1530 2135 accla-

243 2169 370 2196 matus
401 2158 477 2206 est,
502 2158 568 2196 vix
591 2158 796 2207 recipiente
821 2158 992 2196 animum
1022 2155 1186 2202 Planco,
1209 2155 1422 2195 Domitium
1456 2158 1531 2195 An-

243 2220 374 2259 tonius
411 2219 513 2258 suam
551 2221 590 2259 in
627 2232 765 2258 navem
799 2220 973 2268 accepit:
1003 2231 1152 2267 unaque
1183 2215 1396 2272 l'aloenta(
1419 2217 1529 2256 Vale-

245 2282 341 2322 tium
373 2281 481 2321 fuisse
513 2280 825 2332 suspicabamur)
851 2279 1134 2330 processerunt,
1161 2277 1226 2318 ubi
1252 2278 1367 2317 castra
1397 2278 1530 2318 Domi-

246 2345 351 2383 tiana
376 2354 495 2386 erant.
541 2345 722 2395 cessitque
755 2343 1002 2384 tabernaculo
1040 2343 1228 2383 Domitius
1263 2342 1526 2392 imperatoris;

251 2410 286 2449 <Sc
327 2407 417 2447 hinc
447 2408 682 2448 Brundisium
712 2409 817 2449 itum.
859 2409 1038 2460 Quinque
1066 2406 1242 2446 cohortes
1269 2405 1421 2446 Caesaris
1459 2416 1527 2444 no-

296 2511 321 2557 S
354 2514 433 2550 XV.
454 2513 532 2551 Val.
558 2512 655 2548 Max.
682 2524 724 2557 9,
753 2524 801 2556 ¹4·
830 2513 976 2558 Appian.
997 2513 1105 2547 Strab.
1126 2513 1149 2546 1.
1178 2521 1231 2545 ιι.
