1685 3042
299 188 398 249 &30
469 182 565 232 JO.
605 181 1112 234 FREINSHEMII
1153 183 1531 235 SUPPLEMs

358 290 474 331 CVII.
504 290 561 330 Ita
584 301 672 328 cum
697 297 918 340 appareret,
943 289 1043 329 nihil
1068 303 1146 329 non
1175 302 1221 329 ex
1243 289 1419 330 lubidine
1441 291 1593 332 Trium-2

302 353 469 393 virorum
502 354 585 403 agi,
632 364 864 403 quamquam
905 352 1139 392 invididiofis
1180 353 1441 403 damnatisque
1479 368 1594 406 regum
1632 376 1633 379 =

300 423 416 465 atque
450 415 652 457 diblatorum
691 414 916 453 nominibus
945 413 1206 461 abstinerent3
1249 421 1355 452 tanta
1389 413 1593 452 consecuta

301 475 355 514 est
383 475 599 515 animorum
627 475 907 522 commutatio,
931 483 998 523 ut,
1027 474 1092 524 qui
1117 487 1240 524 nuper
1262 473 1511 513 intolerabilis
1535 475 1593 512 vi-

258 577 261 578 ⁷
301 537 364 581 sus
387 539 512 578 fuerat
541 538 732 589 planeque
760 537 902 581 ferreus
927 536 1126 586 superioris
1163 528 1315 577 Caesaris
1343 538 1562 576 dominatus
1576 562 1596 587 5

300 612 430 648 nunc,
466 600 634 639 instituta
676 612 765 638 curn
807 596 1054 648 praesentibus
1089 599 1374 648 comparatione
1399 628 1410 647 ,
1441 611 1593 637 merum

301 675 437 701 aurum
465 663 666 702 videretur.
704 661 780 704 Sed
807 659 1071 710 religiofiffimi
1104 660 1318 714 principes,
1340 674 1430 701 cum
1456 661 1592 701 urbem

300 730 510 763 vacuarent
546 720 768 760 hominibus
798 720 971 759 indidem
1003 719 1101 759 natis
1121 751 1134 768 ,
1165 719 1399 770 locupletare
1434 734 1592 771 peregre

300 786 435 827 accitis
459 784 538 823 Diis
559 781 789 824 voluerunt:
824 778 1090 833 templumque
1107 782 1282 833 Serapidi
1307 794 1351 821 ac
1376 782 1486 831 Ifidi,
1510 782 1593 833 post

299 845 433 896 saepius
459 844 656 895 repudiata
677 856 810 883 eorum
830 844 960 892 sacra,
989 845 1186 884 decretum
1209 844 1272 885 est.
1300 845 1394 889 Haec
1417 858 1463 884 eo
1488 858 1591 885 anno

304 908 410 948 domi
441 908 476 946 ἃ
503 908 542 945 in
569 905 681 946 Italia
709 906 824 956 gesta.

360 968 496 1009 CVIII.
519 970 602 1008 Nec
628 969 810 1018 pauciora
837 969 990 1008 interim
1021 969 1160 1009 Brutus
1184 970 1225 1009 in
1251 969 1421 1017 Graecia,
1448 968 1593 1008 Caffius

302 1030 345 1069 in
368 1029 497 1080 Syria,
513 1029 743 1069 Cornificius
770 1030 809 1068 in
829 1029 978 1078 Africa,
1001 1031 1037 1070 &
1066 1031 1106 1069 in
1134 1028 1266 1071 Sicilia
1288 1030 1491 1080 pompejus
1513 1027 1595 1080 ges-

301 1091 451 1132 serunt:
477 1105 712 1142 quamquam
743 1091 810 1132 illa
835 1091 922 1131 sane
956 1092 1142 1131 concisius
1165 1092 1270 1143 apud
1299 1093 1470 1131 auctores
1498 1091 1593 1130 refe-²

301 1163 449 1193 runtur.
473 1154 635 1202 Brutus,
651 1162 811 1204 accepto
837 1153 1184 1203 senatusconsulto,
1202 1166 1277 1204 quo
1305 1153 1371 1192 fibi
1394 1153 1593 1194 decretum

298 1216 510 1265 ⁴imperium
534 1225 638 1267 erat,
673 1225 886 1267 pacataque
920 1216 1073 1257 Graeciae
1101 1218 1137 1256 δε
1166 1215 1308 1266 Illyrici
1343 1223 1471 1265 parte,
1503 1215 1591 1255 Cae-

300 1277 421 1323 sarem
444 1280 496 1332 (a
519 1291 594 1328 quo
636 1285 720 1318 tum
752 1278 881 1318 adhuc
910 1279 1122 1319 Antonium
1149 1278 1362 1328 oppugnari
1398 1276 1593 1330 putabat)

299 1352 369 1393 per
401 1340 578 1390 epistolas
613 1341 789 1389 monuit,
826 1341 1058 1394 perseveraret
1094 1342 1131 1380 in
1158 1342 1312 1394 incepto,
1339 1342 1398 1388 δ’,
1429 1341 1593 1393 quoniam

298 1417 506 1445 communem
535 1404 655 1455 lzostem
678 1404 840 1443 haberent
855 1433 866 1451 ‚
880 1403 996 1455 ficum
1019 1405 1139 1443 rediret
1157 1404 1195 1441 in
1222 1403 1390 1460 gratiasn.
1419 1402 1590 1450 Interea,

301 1466 407 1516 quod
447 1465 648 1510 defiderari
682 1466 720 1512 se
752 1465 895 1505 sciebat
923 1467 964 1504 in
999 1465 1153 1512 senatu,
1193 1465 1243 1505 ad
1275 1464 1593 1514 transjiciendum

298 1527 338 1568 se
368 1528 630 1577 comparabat.
659 1528 734 1568 Sed
760 1528 827 1571 ubi
850 1537 1041 1568 mutatum
1073 1527 1287 1574 Caesarem,
1314 1529 1520 1578 omniaque
1542 1527 1591 1566 ad

296 1589 446 1633 bellum
474 1589 640 1640 spectare
665 1591 877 1639 cognovit3
899 1589 976 1628 hoc
1004 1603 1118 1641 agere
1150 1598 1334 1630 contento
1358 1589 1483 1629 studio
1513 1602 1592 1628 cce.

297 1655 383 1705 pit,
406 1661 450 1691 ut
480 1653 517 1692 vi
544 1652 727 1703 repellere
760 1653 838 1692 vim
875 1653 1041 1693 facturos
1084 1653 1216 1704 posset.
1248 1654 1367 1705 Igitur
1405 1653 1591 1693 Macedo,

298 1716 371 1756 niae
397 1715 511 1754 rebus
544 1715 692 1766 optime
726 1715 964 1763 constitutis,
1001 1716 1159 1754 recurrit
1189 1716 1238 1754 ad
1274 1716 1587 1766 componendam

298 1779 556 1826 seditionem,
595 1791 712 1829 quam
744 1779 897 1818 interim
929 1779 968 1817 in
995 1780 1164 1819 exercitu
1196 1779 1237 1819 C.
1267 1781 1453 1820 Antonius
1482 1791 1589 1818 com-

298 1852 492 1889 moverat,
521 1841 627 1881 clam'
657 1839 889 1890 appellando
924 1840 1041 1879 duces
1073 1840 1309 1891 militesque,
1341 1842 1375 1880 δε
1402 1840 1450 1879 ad
1485 1839 1591 1878 defe-

300 1904 471 1944 &tionem
502 1901 757 1941 sollicitando.

358 1965 462 2005 CIX.
504 1964 579 2005 Sed
617 1974 763 2004 mature
800 1962 995 2003 cohibitus
1034 1963 1085 2002 est
1117 1976 1139 2002 a
1172 1963 1317 2011 Bruto,
1353 1961 1592 2012 ademtisque

255 2043 261 2051 ·
302 2029 508 2079 insignibus
533 2028 726 2078 praetoris,
756 2029 795 2065 in
832 2026 951 2065 libera
982 2026 1153 2065 custodia
1180 2025 1333 2065 habitus
1360 2025 1584 2075 Apolloniae.

301 2092 376 2130 Sed
397 2089 483 2137 ille,
509 2102 588 2128 non
620 2087 779 2139 repressa
801 2101 866 2138 per
893 2088 992 2135 hoc,
1017 2100 1149 2126 verum
1173 2089 1280 2131 aucta
1301 2087 1483 2133 audacia,
1509 2101 1588 2128 ma.

299 2153 366 2203 gis
386 2152 500 2190 etiam
522 2151 570 2189 ad
597 2149 634 2189 se
661 2149 878 2201 pertrahere
904 2150 1118 2188 exercitum
1142 2147 1291 2188 annisus
1318 2148 1393 2187 est:
1420 2158 1588 2188 tantum-

300 2226 373 2262 que
407 2212 592 2263 profecit,
628 2221 670 2251 ut
696 2214 733 2251 in
765 2212 915 2263 legione
938 2221 1069 2261 quarta
1094 2211 1228 2250 seditio
1251 2209 1489 2259 nasceretur,
1512 2211 1589 2252 res·

299 2287 374 2325 que
406 2273 551 2313 veniret
574 2274 620 2319 ad
646 2287 778 2312 manus
796 2305 806 2316 ,
843 2275 877 2313 ἃ
909 2272 1080 2312 nonnulli
1114 2273 1162 2312 ad
1188 2272 1433 2315 liberandum
1460 2273 1586 2312 custo-

300 2339 363 2376 dia
403 2337 613 2376 Antonium
646 2347 858 2386 pergerent.
894 2335 939 2376 Id
965 2335 1162 2376 confilium
1194 2336 1311 2375 Bruto
1338 2335 1451 2375 literze
1483 2349 1582 2386 quae.

298 2401 387 2440 dim
427 2398 644 2449 interceptae
682 2400 955 2450 prodiderunt,
995 2398 1260 2449 correptusque
1292 2400 1509 2447 Antonius,
1545 2401 1581 2439 ἃ

336 2518 358 2562 ᾗ
384 2515 492 2550 CVII.
522 2514 670 2559 Appi-an.
696 2515 716 2558 §
745 2514 867 2548 cvm.
893 2513 973 2548 Dzo.
993 2512 1083 2551 Plut.
1110 2513 1143 2546 in
1166 2514 1258 2547 Brut.
1285 2525 1314 2547 c.
1339 2512 1392 2557 38-
