1685 3042
248 185 334 236 186
401 186 491 234 JO.
526 185 1026 233 FRE1NSHEM11
1063 185 1428 233 SUPPLEM.'

241 293 486 341 excusarent,
513 294 758 333 centuriones
791 292 993 346 legationis
1028 293 1217 345 principes
1241 297 1258 345 (
1273 292 1398 332 edoffl
1418 291 1522 330 enim

239 357 377 408 erant)
400 354 677 405 responderunt
692 385 705 402 ,
724 358 759 394 δ’
777 358 876 408 apud
901 359 1068 409 antiquos
1089 356 1232 405 Rullis‚
1258 356 1410 401 Deciis,
1440 355 1524 393 Cor-

239 417 365 466 vinis,
389 417 573 470 multisque
598 418 687 460 aliis
718 417 932 471 consulatum
950 417 1058 470 fulffe
1084 418 1245 455 creditum
1257 432 1276 463 ,-
1295 417 1332 455 6·
1350 415 1531 453 recentiore

238 477 401 515 memoria
424 476 633 529 superiorem
664 474 904 527 Africanum,‘
939 477 1119 528 Titumque
1153 476 1370 514 Flaminium
1397 474 1525 511 admo-

235 541 317 577 dum
337 537 563 589 adolescentes
586 537 741 589 consules
761 536 906 588 flzblos,
929 536 1045 576 utilem
1067 538 1260 589 reipublicae
1286 532 1420 587 opernm
1434 547 1525 585 prae-

226 600 359 653 flitzfft.
383 601 546 652 Magnus
574 613 705 650 quoque
735 598 930 651 Pompejus
957 600 992 638 6³
1018 599 1213 654 Dolabella
1230 596 1524 648 allegabantur,

236 673 341 714 atque
363 662 401 699 in
421 662 484 699 hoc
510 659 585 712 1⁶pr
621 659 747 711 Caesare
764 659 899 712 saelum
922 660 1074 712 senatus
1098 662 1283 706 decretum,
1307 674 1373 711 quo
1404 656 1525 696 multis

235 721 344 764 annis
369 734 448 762 ante
475 722 664 774 legitimam
693 734 826 760 aetarem
856 722 1000 760 lzonores
1024 723 1165 774 petendi
1185 721 1348 775 facultas
1373 719 1526 772 concqff‘a

234 796 321 825 erat,
352 785 450 824 Cum
476 793 631 834 propter
669 784 896 834 gravitatem
927 784 1075 834 negotii
1105 792 1257 834 tempus
1287 781 1527 831 traheretur,

234 847 375 898 legati,
399 856 440 886 ut
470 847 608 885 moniti
631 859 654 886 a
679 836 829 886 'Caesare
856 846 983 892 erant,
1008 845 1246 897 impunitatem
1282 851 1411 893 petere
1441 844 1527 881 Arz-

235 908 394 947 tom'anis
422 916 652 958 coeperunt,
677 916 721 946 ut
756 905 943 945 credibile
976 904 1052 953 est,
1081 918 1160 943 non
1189 913 1268 944 tam
1295 901 1528 953 impetrandi

234 969 453 1019 proposito,
486 981 602 1018 quarn
631 969 679 1007 ad
702 968 907 1007 tentandos
934 966 1083 1006 senatus
1113 967 1285 1015 animos,
1315 978 1364 1005 an
1386 968 1422 1006 &
1447 963 1526 1002 huc

235 1032 378 1071 adduci
400 1030 536 1082 poss'it;
553 1033 609 1080 &,
637 1031 663 1070 s1
681 1029 943 1079 succenseret,
959 1027 1065 1068 hunc
1081 1042 1275 1070 armorum
1298 1037 1527 1080 praetextum

233 1092 416 1133 habituri.

299 1155 402 1195 LIX.
435 1154 510 1195 Sed
540 1152 685 1201 elusum
725 1153 813 1193 satis
851 1154 1062 1194 commodo
1095 1154 1172 1194 astu
1204 1152 1422 1205 periculum
1450 1151 1526 1201 est,

237 1218 526 1259 contradicente
562 1219 740 1266 nemine,
777 1217 843 1257 sed
883 1230 952 1267 pro
987 1231 1127 1268 magno
1169 1216 1332 1256 aliorum
1365 1228 1530 1255 numero

239 1281 376 1320 cadem
409 1279 689 1331 postulantibus
719 1279 915 1330 plerisque.
944 1281 1049 1320 unde
1072 1278 1250 1319 effecium
1280 1278 1350 1326 est,
1374 1285 1416 1316 ut
1435 1277 1530 1316 citra

238 1343 427 1381 invidiam
454 1351 609 1392 propter
634 1341 925 1381 multitudinem
951 1342 1153 1381 hominum
1169 1372 1180 1390 ‚
1204 1341 1341 1391 quibus
1363 1340 1400 1378 in
1417 1339 1530 1378 causa.

240 1403 378 1453 dispari
397 1404 500 1453 paria
524 1404 687 1442 concedi
704 1404 848 1443 retium
866 1418 944 1443 non
961 1404 1075 1452 estet,
1095 1412 1175 1442 tota
1202 1416 1258 1442 res
1274 1404 1527 1441 omitteretur.

238 1462 342 1504 Inter
370 1463 438 1502 has
470 1462 736 1502 altercationes
762 1476 850 1502 cum
877 1464 1051 1503 ferociter
1077 1463 1195 1503 locuti
1221 1462 1360 1502 milites
1378 1493 1388 1511 ,
1409 1473 1529 1512 atque

239 1525 289 1565 ab
314 1524 548 1564 senatoribus
571 1524 768 1563 nonnullis
789 1522 965 1574 increpiti
985 1524 1103 1564 effent
1116 1554 1127 1572 ‚
1142 1524 1262 1563 acrius
1283 1525 1331 1563 ad
1348 1524 1531 1564 consula-

239 1596 324 1627 tum
351 1586 485 1627 Caesuri
513 1587 803 1627 conficiundum
831 1586 1069 1635 exarserunt3
1099 1589 1135 1627 ἃ
1164 1587 1251 1638 quia
1271 1586 1469 1626 intromiffi
1487 1588 1529 1625 in

238 1649 413 1689 senatum
431 1662 535 1689 arma
556 1649 833 1699 deposuerant,
851 1657 968 1700 caput
989 1648 1190 1699 legationis
1217 1649 1416 1689 Cornelius
1439 1662 1531 1689 cen-

239 1714 344 1751 turio
380 1713 482 1751 curia
517 1712 680 1762 egressus
715 1712 884 1751 resumsit
910 1711 1108 1763 gladium,
1129 1711 1338 1762 saguloque
1360 1714 1529 1762 rejec‘r0,

240 1775 422 1827 capulum
459 1776 680 1823 ostendens,
696 1778 732 1827 fi
753 1791 818 1814 vos
847 1790 916 1813 non
947 1776 1137 1823 dederitis,
1163 1775 1307 1825 inquit,
1337 1776 1393 1813 lzic
1412 1777 1521 1815 dabit.

297 1839 380 1879 LX.
410 1838 499 1887 Quo
526 1847 701 1888 tempore
732 1837 960 1877 Ciceronem
993 1835 1225 1886 respondisse
1252 1836 1530 1886 ferunt‚fihoc

242 1901 342 1938 modo
359 1900 534 1951 petieritis
569 1899 695 1951 Caesari
727 1899 965 1948 consulatum,
992 1898 1166 1950 auferetis.
1194 1899 1320 1949 anue
1345 1911 1419 1937 vox
1448 1900 1531 1938 exi-

243 1963 342 2001 tium
363 1963 399 2000 ei
424 1961 648 2000 accelerasse
674 1961 851 2000 creditur.
878 1974 1044 2011 namque
1079 1961 1222 2010 Caesar,
1249 1962 1434 2002 libertatis
1456 1964 1529 2002 stu-

245 2023 493 2064 diosissimum
517 2023 590 2063 effe
620 2035 801 2070 cernens,
836 2022 1008 2062 viliorem
1046 2022 1186 2062 habere
1213 2033 1395 2074 coeperat.
1434 2025 1532 2064 Haec

246 2099 334 2126 eum
364 2087 401 2124 in
429 2087 554 2125 castris
587 2087 834 2132 audirentur,
854 2084 1059 2135 exasperati
1082 2085 1169 2125 sunt
1196 2086 1358 2134 milites,
1388 2088 1530 2126 confe-

245 2146 405 2196 stimque
421 2147 468 2185 ad
495 2146 627 2185 urbem
653 2147 742 2185 duci
769 2146 985 2187 voluerunt.
1016 2148 1096 2187 Nec
1124 2147 1243 2187 Caesar
1264 2147 1415 2188 lenivit:
1434 2149 1526 2198 quin

246 2207 370 2247 verbis
393 2207 587 2258 adaugens
618 2210 716 2254 iras,
748 2208 904 2246 barbara
933 2207 1091 2247 suorum
1118 2208 1219 2247 dicia
1247 2208 1420 2258 facraque
1446 2222 1529 2249 non

245 2268 516 2319 reprehendit3
555 2268 728 2308 senatum
746 2269 1000 2319 .increpavit‚
1033 2271 1125 2321 quod
1153 2269 1281 2307 milites
1313 2271 1438 2308 intrare
1468 2285 1530 2308 cu-

246 2331 335 2369 riam
361 2331 503 2370 inermes
526 2330 697 2383 jufferat,
725 2334 881 2384 quodque
909 2332 1109 2384 interrogati
1136 2347 1159 2370 a
1180 2333 1340 2385 senatore
1380 2334 1531 2384 quodam

257 2448 328 2525 Augu
347 2449 646 2528 ¹}V122·ss;¹‘0¹³³⁸“·
679 2449 749 2485 εἰς.
776 2450 860 2485 Phil.
895 2460 939 2493 5,
967 2459 1016 2491 η.
1038 2449 1118 2484 Dio.
1161 2450 1183 2495 5
1215 2450 1300 2484 mx.
1324 2430 1466 2487 sueton.
1495 2451 1532 2485 in
