1685 3042
289 199 354 257 64
433 197 529 244 Jo.
575 193 1076 242 FRfflNSHEMn
1117 187 1478 240 SUPPLEM.

290 306 437 352 edidit,
462 319 532 343 non
557 304 620 357 ‘ffi
646 303 792 356 Caesaris
810 301 928 354 filium
943 330 956 348 ,
979 314 1076 354 quem
1107 300 1290 352 Cleopatra
1313 299 1431 338 dIcatz
1457 296 1571 349 plane

292 368 394 418 quasi
422 366 638 417 patrocinio
663 378 720 405 res
746 370 887 416 egeret³

347 418 540 467 XXXVI.
570 425 673 464 Dum
705 424 772 463 ista
799 424 935 463 Romae
964 427 1173 472 geruntur,
1201 419 1243 458 in
1272 417 1458 469 Hispania
1490 415 1577 468 plus

293 488 477 529 obortum
501 487 594 527 belli
619 495 721 534 erat,
744 499 858 536 quam
880 493 946 523 aut
972 482 1084 522 classe
1112 482 1215 533 prius
1237 493 1258 519 e
1289 479 1488 524 Sardinia,
1512 487 1578 517 aut

293 563 389 592 mox
420 564 507 590 eum
544 549 594 599 Q.
617 549 738 589 Fabio
774 548 971 594 Maximo,
993 546 1046 595 Q.
1082 545 1199 584 Pedio
1231 541 1386 593 legatis,
1412 539 1580 579 exercitu

295 613 407 654 :miffo
448 611 618 651 coerceri
654 610 775 661 posset
800 623 809 649 :
845 609 1033 659 ipfiusque
1072 610 1150 656 jam
1191 605 1344 646 Caesaris
1383 602 1581 655 praesentia

296 674 572 726 requirebatur.
604 673 722 723 Igitur
745 671 846 711 urbis
873 671 1042 710 custodia
1062 669 1119 710 M.
1142 667 1316 718 Lepido,
1340 668 1375 706 δε
1401 666 1474 704 five
1495 664 1584 712 sex,

297 737 374 777 five
402 738 490 775 octo
516 734 700 785 praefeffis
726 732 899 784 permissa
920 761 930 779 ‚
954 731 1073 785 (nam
1092 730 1140 769 de
1167 741 1329 767 numero
1356 726 1583 778 dubitatur)

301 811 400 850 quos
429 796 726 847 propraetoribus
750 795 967 840 constituit,
985 792 1049 843 qui
1073 804 1140 842 per
1162 789 1373 830 absentiam
1396 789 1501 828 suam
1526 798 1586 825 res

301 862 467 900 urbanas
499 858 829 904 administrarent,
856 857 894 894 in
921 854 1147 905 Hispaniam
1170 852 1362 902 proferstus
1386 851 1456 899 est,
1481 861 1589 900 quar⁶

302 931 387 961 tum
409 923 488 970 jam
513 927 594 958 non
617 916 774 964 consul,
795 916 858 954 sed
893 914 1108 964 defigi-ratus
1123 943 1134 960 ‚
1158 911 1236 950 s1ne
1266 910 1426 965 collega.
1451 910 1590 959 Neque

304 983 587 1034 supervacuum
615 978 731 1018 fuerit
756 978 972 1030 explicare,
996 975 1099 1027 quali
1127 984 1210 1015 tum
1230 973 1401 1021 honore,
1427 974 1462 1013 δε
1489 985 1593 1022 quo-

304 1047 379 1085 ties
413 1043 592 1096 praeditus
620 1042 768 1093 egerit;
805 1041 959 1092 quando
995 1050 1115 1079 annuo
1148 1037 1215 1072 ille
1247 1036 1483 1075 confusionis
1508 1034 1592 1074 haec

312 1119 470 1158 quoque
491 1104 759 1144 confundendi
784 1095 1025 1139 occasionem
1055 1090 1303 1142 scriptoribus
1333 1088 1506 1140 praebuit.

376 1163 590 1205 XXXVII,
626 1159 702 1200 Sed
742 1157 924 1205 quoniam
960 1153 1024 1193 alii
1050 1153 1224 1206 consulem
1246 1182 1260 1199 ,
1297 1149 1362 1190 alii
1398 1151 1596 1188 Amatorem

307 1220 421 1262 fuisse
450 1220 606 1265 volunt,
635 1217 808 1258 Suetonii
844 1216 1069 1256 sententiam
1091 1227 1223 1254 veram
1248 1212 1321 1253 effe
1347 1212 1509 1261 judico,
1534 1223 1599 1249 tct-

307 1284 396 1322 tium
414 1282 449 1321 6³
471 1292 629 1334 quartum
653 1279 871 1332 consulatum
888 1277 1011 1330 geffi'ffi
1035 1276 1139 1315 titulo
1170 1288 1297 1322 tenus,
1320 1285 1518 1312 contentum
1542 1272 1599 1310 di.

312 1347 450 1385 &atum
472 1343 659 1395 potestate,
684 1343 822 1379 decretae
838 1339 947 1391 simul
969 1351 1045 1379 cum
1077 1337 1332 1390 consulatibus.
1355 1334 1476 1385 Igitur
1504 1334 1598 1373 &in

312 1417 392 1446 tres
426 1402 650 1445 novissimos
691 1402 871 1450 menses,
917 1409 1013 1452 puto
1049 1413 1118 1452 per
1154 1413 1239 1439 eam
1274 1396 1427 1438 causam
1451 1427 1463 1445 ,
1495 1396 1602 1446 quod

309 1468 396 1518 jam
419 1466 498 1517 ipse
521 1463 653 1505 consul
677 1477 765 1503 cum
784 1463 930 1515 collega
956 1476 1022 1514 per
1046 1462 1257 1501 duodecim
1282 1459 1427 1499 menses
1449 1456 1604 1505 fuisset,

315 1529 439 1584 (nam
463 1539 584 1567 annus
601 1526 689 1573 ille,
705 1535 748 1564 ut
772 1527 824 1565 est
848 1525 1058 1575 expositum
1076 1524 1209 1574 supra,
1234 1520 1423 1561 menfibus
1444 1519 1606 1570 quinde-

317 1592 400 1629 cim
415 1587 608 1641 constitit)
639 1587 748 1626 binos
774 1584 935 1625 suffecit.
963 1584 1100 1634 Neque
1126 1595 1218 1622 vero
1238 1582 1398 1621 comitia
1421 1579 1603 1619 consula-

318 1654 399 1701 1ia‚
421 1665 504 1703 quae
531 1649 617 1688 sunt
644 1651 745 1688 circa
781 1648 821 1687 id
852 1656 1006 1697 tempus
1035 1658 1056 1684 a
1093 1644 1150 1686 M.
1177 1644 1326 1695 Lepido
1360 1641 1515 1682 consule
1538 1653 1603 1680 eo-

322 1715 415 1754 dem
447 1714 483 1753 Sc
508 1711 684 1763 magistro
711 1711 882 1760 equiturn
919 1707 1077 1754 habita,
1103 1719 1149 1745 eo
1183 1703 1405 1756 pertinuisse
1432 1703 1607 1742 credide-

320 1776 422 1825 rim,
445 1783 488 1814 ut
513 1774 644 1814 Caesari
667 1772 732 1811 sub
760 1765 875 1810 finem
901 1771 1061 1810 demum
1093 1768 1183 1809 anni
1219 1767 1350 1807 tertius
1385 1764 1608 1805 consulatus

325 1838 506 1884 daretur3
528 1835 592 1875 sed
614 1841 656 1873 ut
684 1835 776 1873 novi
806 1831 980 1872 consules
1002 1830 1273 1870 sufficerentur.
1322 1830 1326 1832 ’

380 1899 609 1941 XXXVIII.
636 1897 844 1937 Plurimum
872 1903 975 1934 certe
1003 1904 1161 1933 moveor
1194 1890 1422 1931 auctoritate
1457 1886 1617 1939 scripto„-

327 1964 406 2010 τῖς,
428 1963 491 2012 qui
518 1960 663 2000 bellum
698 1956 947 2008 Hispaniense
981 1948 1141 1995 tradidit
1173 1968 1180 1993 :
1216 1966 1331 2004 quem
1357 1960 1458 1991 certe
1478 1982 1489 1999 ‚
1529 1950 1618 2000 qui-

331 2034 486 2073 cunque
512 2022 668 2061 tandem
695 2019 834 2066 fue-rit,
859 2017 995 2056 iisdem
1034 2014 1269 2066 temporibus
1291 2012 1422 2052 vixisse
1447 2012 1616 2051 constat:

330 2100 406 2128 nec
433 2086 607 2135 iniquum
643 2082 828 2129 arbitror,
859 2089 902 2119 ut
932 2079 1025 2119 huic
1049 2078 1242 2118 Fastorum
1277 2075 1512 2125 fragmenta,
1536 2074 1621 2124 qui-

333 2148 407 2189 bus
445 2146 613 2197 alioquin
647 2142 883 2195 permultum
916 2141 1070 2188 tribuo,
1093 2137 1400 2190 posthabeantur.
1440 2136 1619 2175 Ceterum

333 2208 642 2262 Hispanienfium
666 2219 856 2246 armorum
891 2203 949 2244 hae
979 2204 1099 2242 ferme
1132 2199 1249 2241 causae
1277 2199 1442 2238 fuerunt.
1479 2197 1617 2238 Proxi-

339 2287 427 2314 mus
444 2273 511 2313 sub
537 2271 659 2312 Caffio
687 2273 722 2310 ἃ
747 2267 935 2310 Marcello
955 2266 1166 2313 tumultus,
1190 2262 1340 2304 Caesaris
1356 2262 1526 2312 legiones
1549 2256 1618 2298 dis-

399 2408 419 2443 Ε
445 2406 590 2439 XXXV.
611 2405 751 2437 Sueton.
775 2402 895 2436 Euseb.
918 2401 1000 2435 Dio.
1024 2400 1114 2434 plut.
1142 2399 1176 2432 in
1197 2397 1281 2431 Caes.
1305 2371 1411 2437 0:72.
1433 2393 1630 2440 §XXXVL
1677 2398 1685 2403 ⁸

343 2452 428 2485 Dio.
445 2452 587 2484 Sueton,
603 2451 678 2481 Liv.
693 2449 783 2491 Epir.
799 2449 943 2491 Appian.
957 2448 1053 2482 civil.
1070 2449 1092 2481 l.
1106 2456 1137 2479 2.
1155 2445 1236 2478 Fasti
1251 2444 1398 2486 Capitol.
1416 2441 1437 2483 ξ
1457 2440 1613 2476 XXXVH

341 2497 488 2530 sueton.
512 2497 545 2529 in
569 2495 654 2529 Caes.
678 2507 708 2529 c.
734 2502 785 2535 τί».
815 2493 897 2526 Dio.
