1685 3042
217 220 296 268 IN
338 217 506 266 [οε.
546 214 946 262 LIB.CXXV11
995 217 1131 263 riv,
1231 231 1319 277 341

43 328 150 368 dens.
172 328 292 379 Igitur
317 330 351 367 &
369 326 457 365 novi
484 324 632 375 generis
660 321 875 373 speciacula
893 321 978 362 sunt
1003 323 1130 371 edita,
1158 325 1192 363 &
1208 322 1327 362 trans-

41 388 164 429 latitia
190 389 304 428 solito
335 385 653 438 magnificentius.
687 383 879 423 Circenses
909 385 1065 433 quidem
1092 385 1208 424 biduo
1237 397 1330 426 con-

41 451 164 491 tinuo.
201 451 277 491 Sed
311 452 345 489 &
374 449 534 497 Troiam
569 446 677 497 pueri
709 445 859 486 nobiles
893 445 1091 493 luserunt3
1118 449 1152 485 ἃ
1186 447 1327 486 confe-

42 513 166 551 §tores
199 510 362 549 ferarum
388 509 427 546 in
455 508 566 547 Circo
595 519 641 545 ex
662 505 819 556 equestri
848 504 980 544 ordine
1013 506 1185 554 producti
1223 505 1325 547 sunt.

39 571 146 611 Inter
175 569 242 608 has
275 569 404 608 turbas
437 568 625 618 Lepidus,
658 567 918 606 auctoritatem
948 564 1053 605 suam
1081 580 1178 616 aegre
1202 567 1327 616 passus

39 631 252 681 senescere,
285 632 324 670 in
353 632 520 671 Africam
545 644 566 682 a
585 630 726 670 Caesare
758 629 885 669 miffus
910 629 988 677 est3
1018 628 1082 668 sex
1107 629 1243 668 additis
1271 629 1326 669 le-

42 693 247 744 gionibus,
273 706 378 743 quae,
403 705 522 743 nuper
548 692 594 731 ab
619 692 843 731 Antonianis
869 690 1040 741 partibus
1062 689 1222 739 avulsae,
1254 704 1328 740 pa-

42 767 127 794 rum
163 762 275 794 certae
301 755 392 794 fidei
426 754 500 794 effe
536 755 772 795 videbantur.
806 754 855 794 Et
880 753 1049 792 habebat
1083 753 1238 802 majoris
1262 765 1328 791 au-

40 817 223 857 ctoritatis
250 818 348 857 duce
378 831 473 868 opus
505 818 660 865 Africa,
692 818 876 857 Romanae
915 816 1112 856 discordiae
1140 818 1239 856 inter
1270 817 1327 857 di.

41 879 169 919 versos
203 881 318 919 duces
354 893 486 930 poenas
522 880 638 929 dans,
664 882 716 928 Sc,
744 878 911 918 variante
946 877 1113 928 partium
1143 879 1326 928 fortuna,

38 940 190 991 semper
222 941 350 991 praeda
374 942 538 981 victoris.
570 942 616 982 T.
633 941 772 981 Sestius
789 971 799 988 ‚
822 954 943 991 nuper
968 954 1016 980 ex
1039 942 1232 991 provincia
1261 956 1326 982 ve.

38 1006 110 1044 teri
136 1003 329 1054 repulsus,
364 1017 453 1044 cum
482 1019 563 1045 non
587 1005 700 1045 aliam
728 1004 845 1044 eladis
877 1004 950 1044 effe
975 1004 1124 1044 causam
1148 1008 1325 1055 opinare.

39 1073 128 1111 tur,
164 1077 280 1114 quam
312 1066 416 1115 quod
450 1076 564 1116 caput
602 1067 719 1107 Tauri
746 1066 874 1106 secum
905 1080 984 1105 non
1012 1065 1230 1114 habuisset,
1252 1079 1326 1105 no·-

39 1139 128 1165 vam
161 1128 449 1178 expeditionem
485 1130 722 1178 adornabat;
752 1143 840 1169 cum
876 1143 898 1169 a
931 1129 1190 1169 Cornificianis
1224 1142 1326 1179 prae-

37 1197 175 1226 ventus
203 1188 277 1237 est,
301 1189 599 1239 irrumpentibus
620 1192 659 1230 in
684 1185 991 1240 Numidiam‚‘&
1020 1190 1216 1229 obsidente
1243 1190 1326 1230 Cir-

36 1255 114 1286 tam
148 1248 288 1298 Laelio,
329 1251 422 1290 dum
460 1252 617 1302 quaestor
661 1252 859 1293 Cornificii
894 1252 1093 1292 Ventidius
1136 1251 1324 1302 Sestium„

36 1309 273 1360 equestribus
300 1312 443 1361 proeliis
476 1312 713 1363 superatum,
743 1314 924 1352 continet.
955 1314 1032 1354 Sed
1053 1313 1251 1352 Arabionis
1285 1315 1324 1353 ἃς

37 1371 285 1412 Sittianorum
302 1374 450 1413 auxiliis
475 1374 612 1414 Sestius
637 1376 810 1424 adJ'utus,
829 1375 988 1415 deduxit
1014 1376 1055 1413 in
1080 1387 1233 1424 aequum
1256 1387 1325 1414 co-

36 1433 140 1483 pias,
164 1446 364 1484 pugnaque
384 1434 580 1473 commissa
601 1435 823 1474 Ventidium
850 1437 1019 1484 occidit,
1040 1435 1319 1486 fugientesque,

37 1495 136 1535 duce
158 1494 318 1543 amiffo,
344 1495 485 1535 milites
515 1496 728 1543 insecutus,
757 1496 941 1546 plurimos
978 1497 1174 1535 interfecit
1201 1498 1326 1548 cepit-

33 1570 91 1597 ve.
129 1557 245 1597 Hunc
269 1558 318 1596 ad
346 1559 527 1597 nuntIum
552 1557 684 1598 Laelius
700 1588 711 1605 ,
737 1559 938 1597 obsidione
958 1559 1072 1598 Cirtae
1096 1559 1246 1608 relidia,
1270 1560 1322 1601 ad

37 1618 289 1658 Cornificium
320 1619 448 1658 rediit.
491 1619 573 1658 Nec
597 1617 742 1657 distulit
766 1618 911 1669 insequi
936 1618 1073 1658 Sestius
1090 1650 1102 1666 ‚
1126 1621 1160 1659 ὃς
1184 1620 1233 1659 ad
1254 1620 1321 1671 ip-

34 1680 136 1727 sam,
162 1680 230 1719 ubi
246 1679 472 1722 Cornificius
498 1680 656 1730 agebat,
673 1680 825 1721 Uticam
853 1679 1046 1730 p1·0fe6rus
1062 1710 1074 1725 ,
1090 1680 1181 1720 licet
1197 1681 1320 1721 mino-

33 1756 92 1783 res
119 1742 276 1782 haberet
299 1742 451 1792 copias,
480 1742 519 1781 in
543 1744 759 1792 propinquo
786 1742 899 1780 castra
933 1741 1069 1792 posuit.

100 1805 145 1844 V.
178 1805 281 1846 Tum
315 1804 442 1843 missus
472 1804 781 1855 prospeculatum
820 1803 977 1851 Laelius,
1004 1817 1092 1844 cum
1128 1805 1326 1847 Arabione·

32 1868 193 1918 equestri
234 1865 368 1917 proelio
408 1868 638 1906 concurrit:
671 1869 706 1906 ἅ
739 1868 825 1918 quia
863 1867 999 1907 Sestius
1033 1881 1121 1907 cum
1153 1869 1318 1920 expedi-

31 1929 81 1968 tis
111 1928 302 1979 peditibus
341 1941 362 1966 a
392 1928 508 1967 latere
543 1929 578 1967 se
612 1928 846 1976 ostenderat,
873 1929 1043 1979 receptui
1066 1930 1294 1971 timensille
1306 1964 1327 1983 ‚.

33 1992 299 2043 propinquum>
316 1989 507 2030 tumulum
530 1991 744 2040 occupavit.
768 1992 925 2039 Arabio,
940 1992 1038 2030 caesis
1053 2022 1063 2040 ‚
1080 2006 1173 2043 quos
1188 1995 1318 2034 conse-

36 2055 101 2105 qui
135 2061 333 2103 potuerat,
362 2052 593 2092 circumfuso
622 2055 755 2104 equite
777 2055 915 2094 collem
947 2056 1117 2095 oblidere
1140 2058 1314 2098 instituit.

33 2116 109 2156 Sed
137 2114 365 2155 Cornificius
391 2114 466 2153 hoc
493 2115 552 2165 agi
580 2115 738 2162 videns,
768 2128 857 2155 cum
885 2119 1028 2166 majore
1054 2128 1156 2167 parte
1184 2122 1319 2170 copiaa

34 2192 120 2218 rum
138 2177 254 2218 Laelio
279 2176 528 2217 subventurus
543 2208 554 2226 ‚
577 2190 598 2216 a
626 2185 737 2227 tergo·
756 2177 957 2216 instantem
976 2178 1137 2219 Sestium
1157 2179 1314 2231 habuit⁹

35 2253 58 2279 a
79 2253 155 2289 quo
193 2241 347 2279 coaetus
380 2240 482 2289 signa
509 2248 756 2287 convertere,
782 2239 888 2278 dedit
921 2240 1096 2279 Arabioni
1125 2240 1312 2291 spatium³

33 2311 77 2342 ut
105 2315 170 2352 per
193 2302 394 2349 homines,
420 2301 603 2340 inaccessa
635 2301 714 2340 aliis
743 2300 828 2339 loca
858 2301 1031 2352 superare
1057 2302 1210 2351 solitos,
1239 2304 1325 2345 adis

33 2374 117 2403 tum
141 2366 180 2403 in
202 2365 317 2404 castra
336 2363 528 2404 Cornificii
563 2363 667 2403 clam.
690 2365 883 2413 reperiret.
914 2364 1057 2414 Igitur,
1085 2364 1190 2403 hoste
1219 2378 1318 2405 con-

32 2426 189 2479 spedo,
218 2426 375 2466 Roscius
406 2425 577 2476 praefidio
603 2425 808 2465 castrorum
841 2427 1066 2477 praefffim,
1097 2427 1208 2466 militi
1235 2428 1323 2468 cuia

80 2526 105 2570 5
132 2525 191 2561 IV.
216 2525 356 2562 Sueton.
376 2526 412 2560 in
437 2526 524 2573 Aug.
551 2538 582 2561 c.
609 2538 663 2572 43.
683 2526 765 2561 Dio.
788 2526 935 2572 Appian.
957 2528 1033 2561 Liv.
1059 2529 1151 2571 Epir.

1012 2583 1050 2627 Y
1076 2601 1096 2642 3
