1685 3042
286 203 345 248 φ.
415 167 1436 232 JO.FRfflNSHEM11SUP‘PLEM.
1488 189 1494 192 ·

337 287 405 331 1V.
437 292 561 330 Nolim
583 292 672 331 enim
696 293 838 345 vestrum
867 306 1066 344 quemquam
1093 293 1145 331 ita
1164 292 1316 345 maligne
1340 297 1380 333 de
1403 307 1454 332 me
1466 293 1567 347 judl-

280 369 384 402 care,
408 354 538 392 Patres
558 354 762 408 conscripti,
783 366 822 392 ut
845 354 992 392 aliorum
1006 355 1130 406 potius
1156 356 1314 408 exempla
1326 385 1337 403 ‚
1357 369 1459 407 quam
1475 370 1567 394 meos

281 430 393 454 mores
410 415 606 468 secuturum
630 428 752 468 putet:
776 430 880 468 neque
896 416 934 466 fi
949 416 1035 454 mihi
1059 417 1206 455 vift'oria
1242 418 1412 466 contulit,
1433 429 1472 455 ut
1486 418 1567 469 pos-

274 479 367 531 sem,
387 491 461 529 quae
473 478 631 530 cupiam·¹>
645 477 765 530 fhcere
773 507 786 524 ,
804 477 1086 529 alludfaflurum
1099 480 1248 517 credatis
1259 510 1272 526 ,
1285 494 1387 532 quam
1403 493 1566 534 oporteat2

281 542 327 581 Si
354 541 540 589 Marium,
567 541 602 580 δ’
628 541 778 579 Cinnam
796 570 808 588 ‚
831 539 865 576 δ’
887 539 1026 578 Sullam
1041 570 1053 588 ‚
1076 551 1217 592 quorum
1243 552 1407 579 naturam
1433 544 1569 594 pericu-

280 603 354 640 lum
377 614 536 650 texerat,
562 603 780 640 nudaverunt
800 601 972 649 νίἐῖονίιες
992 616 1063 640 non
1083 602 1160 640 ideo
1183 615 1235 640 me
1258 603 1316 640 his
1327 604 1474 654 similem
1489 604 1570 655 fore

279 665 560 718 existimaveritis
572 693 586 711 ‚
613 663 716 717 cujus
750 663 1034 711 moderationem,
1061 678 1102 702 ne
1131 665 1330 718 recensendo
1349 666 1495 718 fingula
1519 680 1570 704 me

280 728 429 766 laudare
461 727 604 774 videar,
635 740 706 763 non
741 737 916 763 mutarunt
943 736 996 762 tot
1023 725 1206 778 prospera,
1225 726 1294 778 fid
1322 728 1566 780 probaverunt.

275 788 470 826 ‘Enimvero
491 801 596 839 neque
624 800 704 839 erga
725 788 915 825 Fortunam
943 786 1164 824 irreverenter
1183 801 1234 824 me
1258 800 1374 838 geram
1389 817 1400 836 ‚
1425 801 1488 827 aut
1513 789 1570 827 in-

277 852 518 904 dignationem
538 850 698 888 excitabo
716 850 869 887 Deorum
881 877 893 895 ,
919 861 1006 899 quos
1014 845 1124 898 ferme
1145 863 1217 886 non
1237 849 1385 887 ulterius
1404 850 1570 900 beneficia

275 914 348 963 fita
367 915 467 962 sarta
492 915 574 949 teHa
591 912 744 963 praestare
769 909 943 961 cognovi,
967 921 1072 960 quam
1095 909 1204 947 donec
1230 910 1385 950 homines
1410 912 1469 949 his
1492 926 1572 950 mo-

281 972 372 1025 deste
394 983 497 1023 atque
513 971 692 1024 fizpienter
714 982 869 1009 utuntur.

338 1040 384 1076 V.
416 1039 539 1091 Neque
559 1054 640 1078 vero
657 1039 702 1077 ab
723 1039 829 1077 initio
849 1038 930 1076 belli
954 1038 1057 1077 aliud
1069 1038 1155 1075 mihi
1174 1034 1380 1084 propositam
1402 1047 1570 1073 armorum

276 1096 456 1151 praemium
466 1095 570 1147 suit,
595 1107 701 1146 quam
723 1110 786 1141 ut,
810 1101 902 1131 vtica
928 1100 1069 1130 inviclia
1097 1105 1200 1145 atque
1222 1094 1432 1148 insolentia,
1456 1097 1570 1133 virtu·

278 1170 348 1197 tem
374 1155 584 1209 explicarem
616 1168 726 1192 meam
755 1164 855 1200 tuto,
887 1153 923 1191 δ’
960 1167 1005 1190 ex
1039 1155 1202 1205 augenda
1237 1154 1392 1193 utilitate
1424 1156 1571 1206 publica

279 1219 428 1273 gloriam
450 1216 666 1269 acquirerem.
706 1216 808 1265 Quos
834 1214 940 1266 igitur
965 1215 1003 1252 in
1026 1215 1113 1252 aliis
1141 1215 1336 1266 reprehendi
1359 1227 1462 1267 atque
1486 1231 1570 1268 per-

276 1283 419 1335 secutus
433 1281 514 1332 sitm
535 1293 664 1324 mores,
678 1277 725 1314 iis
746 1277 832 1327 abfit
851 1288 889 1314 ut
903 1291 953 1314 me
975 1277 1111 1329 cupiam
1135 1277 1251 1314 dedere
1263 1303 1276 1322 ,
1288 1277 1498 1330 similemque
1513 1279 1571 1317 his

283 1344 472 1397 ostendere,
487 1355 574 1394 quos
589 1341 781 1392 superavi!
809 1340 889 1391 Ego
906 1354 987 1377 vero
1005 1341 1127 1392 potius
1152 1339 1228 1391 ipsa
1247 1339 1391 1390 fortuna
1417 1355 1490 1379 mea
1515 1343 1572 1379 in-

282 1406 390 1451 citor,
413 1415 450 1440 ut
463 1431 475 1450 ,
496 1403 562 1453 nisi
573 1401 657 1439 olim
675 1403 812 1454 summa
830 1401 917 1439 mihi
940 1402 1105 1453 voluntas
1121 1401 1243 1454 fiuffet
1255 1404 1372 1440 omnia
1390 1405 1451 1442 rite
1472 1416 1572 1456 atque

283 1467 406 1504 ordine
431 1465 717 1517 administrandi,
744 1464 803 1501 vel
823 1464 903 1502 inde
927 1464 1087 1517 majorem
1101 1465 1282 1517 sumturus
1308 1465 1469 1517 impetum
1485 1467 1569 1518 fite-

282 1528 359 1565 rim.
395 1528 507 1577 Quem
529 1526 618 1563 enim
637 1525 761 1576 potius
786 1523 979 1576 benefacere
1009 1526 1129 1563 multis
1157 1539 1273 1563 verum
1300 1527 1342 1578 est
1357 1556 1368 1574 ‚
1391 1541 1492 1579 quam
1507 1543 1571 1580 pe—

285 1604 347 1628 nes
372 1603 468 1642 quem
496 1602 610 1626 earum
633 1601 743 1624 rerum
777 1588 933 1625 maxima
958 1588 1002 1640 est
1030 1586 1226 1639 facultas?
1261 1590 1316 1626 cui
1345 1603 1424 1626 vero
1454 1591 1569 1628 minus

283 1664 350 1692 aut
372 1650 555 1703 conceffum
579 1650 625 1703 est
638 1663 781 1701 peccare
795 1679 806 1697 ‚
832 1660 896 1687 aut
918 1648 1171 1701 neceffizrium?

340 1719 407 1760 VI.
440 1721 596 1758 Deorum
617 1730 732 1757 autem
761 1718 926 1768 beneficia
948 1733 971 1755 a
994 1734 1061 1772 quo
1084 1720 1240 1773 aeftImari
1266 1721 1388 1760 remus
1409 1723 1570 1776 poffiint‚

285 1799 392 1838 quam
414 1784 460 1822 ab
479 1797 543 1831 eo,
558 1783 614 1821 eui
639 1782 697 1820 illi
711 1783 848 1835 summa
874 1782 991 1819 omnia
1018 1780 1268 1822 contulerunt?
1292 1784 1386 1835 Quis
1411 1785 1572 1838 majorem

288 1848 477 1887 concordiae
504 1846 671 1899 pacisque
688 1845 838 1898 pubIIcae
871 1857 952 1898 aget
983 1859 1125 1894 curam,
1152 1855 1254 1898 quam
1275 1847 1377 1898 cujus
1401 1862 1475 1886 eam
1491 1851 1574 1901 fir—

287 1908 369 1948 vari
394 1907 545 1946 maxime
570 1907 731 1959 interest?
752 1906 791 1945 Is
823 1906 932 1957 igitur
955 1907 990 1944 6-
1012 1907 1127 1946 animo
1160 1908 1338 1960 imperabit
1357 1909 1572 1961 plurimum,

290 1969 498 2022 &potentia
524 1979 746 2020 temperanter
769 1978 882 2005 utetur
890 1983 907 2016 ,-
931 1969 1029 2020 queis
1044 1969 1119 2018 sine
1145 1970 1311 2007 contineri
1330 1983 1491 2023 magnam
1505 1971 1572 2024 ft-

289 2033 456 2071 licitatem
480 2031 542 2068 diu
566 2044 636 2068 non
659 2028 751 2083 poffi
775 2044 872 2068 nemo
897 2030 1046 2070 dubitat.
1081 2031 1182 2082 Quid
1193 2033 1232 2082 si
1250 2033 1300 2070 ad
1329 2035 1399 2071 haec
1432 2037 1575 2073 accedat

284 2093 437 2148 studium
456 2093 599 2145 gloria,
624 2107 692 2145 qua
714 2107 785 2130 una
811 2092 849 2129 in
867 2107 900 2131 re
919 2107 971 2131 me
984 2091 1103 2144 fateor
1128 2092 1191 2145 effe
1213 2093 1573 2148 intemperantiorem?

290 2157 359 2197 An
379 2169 447 2193 non
465 2156 524 2207 qui
549 2156 584 2193 δ’
604 2153 709 2206 diligi
727 2169 750 2191 a
767 2156 992 2208 praesentibus
1005 2185 1016 2204 ,
1043 2156 1078 2194 G·
1096 2155 1233 2195 fundari
1255 2170 1278 2193 a
1296 2159 1438 2210 posteris
1464 2161 1572 2210 volet,

291 2232 429 2272 operam
448 2218 562 2265 dabit,
585 2228 622 2254 ut
639 2216 686 2254 iis
699 2214 811 2268 fhHis
835 2217 1044 2270 moribusque
1061 2217 1194 2267 studeat
1207 2248 1218 2265 ‚
1235 2233 1297 2272 per
1314 2234 1388 2271 quae
1410 2221 1473 2273 ista
1496 2234 1570 2260 tam

289 2281 439 2335 pulchra
466 2292 568 2333 atque
603 2280 841 2332 defiderabilia
866 2293 969 2332 quam
1000 2278 1169 2331 certiffi‘me
1193 2281 1229 2320 ξ.»
1257 2295 1519 2335 comparantur,
1537 2285 1575 2324 6·

294 2344 510 2382 retinentur?

351 2403 434 2444 VH.
455 2405 576 2456 Neque
595 2404 666 2442 haze
682 2418 704 2442 a
724 2403 872 2455 mcfingi
886 2433 897 2450 ‚
910 2403 1016 2455 fidem
1038 2405 1140 2443 vobis
1156 2406 1328 2457 praeterita
1345 2420 1415 2445 non
1435 2407 1572 2455 minus,

298 2479 400 2518 quam
418 2465 600 2518 prasentia
615 2495 628 2514 ‚
648 2464 799 2518 facient.
829 2465 939 2505 Nihil
959 2466 1096 2505 locutus
1106 2466 1206 2519 ficm,
1231 2469 1326 2521 quod
1345 2483 1412 2507 non
1433 2482 1500 2521 proe
1523 2483 1573 2506 me
