1685 3042
315 223 398 270 IN
436 221 610 269 LOC.
655 183 795 265 ΜΒ.
827 218 968 268 cxx
1011 221 1162 268 mv.
1316 234 1410 283 227

128 326 260 369 Sittius
291 330 408 368 etiam
444 327 684 376 municipum
719 323 873 364 suorum
906 324 1172 364 benevolentia
1205 325 1315 366 Cales
1342 340 1413 378 pro

127 391 256 430 exsilio
282 390 442 429 habuit:
465 389 607 438 primus
639 388 674 426 &
696 386 797 425 forte
825 385 925 425 solus
952 387 1000 424 ad
1027 399 1069 424 ea
1090 394 1263 437 tempora
1291 388 1418 427 homi-

127 465 249 499 num,
285 451 473 501 relegatus
501 451 541 487 in
569 449 741 498 patriam.
778 449 878 488 Nam
913 447 968 485 illi
997 449 1235 497 praedivitem
1267 451 1416 498 virum,

129 516 166 553 &
190 513 255 563 pro
279 515 391 562 copia
417 511 480 550 sua
515 511 766 559 munificum,
793 510 1077 550 custodiverunt
1106 511 1263 558 armati3
1302 511 1417 549 servis

124 577 334 621 minando,
361 574 604 625 prohibendo
630 572 792 623 ingressu
822 571 953 623 oppidi
980 571 1144 618 milites,
1176 572 1324 619 donec,
1357 571 1420 617 leq

129 638 225 688 gatis
247 638 296 676 ad
326 636 518 677 Tresviros
545 634 680 683 millis,
714 635 819 685 quod
853 633 1048 681 diximus,
1078 633 1336 683 impetrarent,

180 705 326 745 XCIX.
345 704 624 744 Alium''metus
654 703 781 754 coegit
804 703 853 742 ad
881 702 1036 741 felicem
1058 700 1280 740 audaciam:
1310 700 1420 750 quip-

128 780 180 818 pe
204 781 223 806 a
248 767 385 806 liberto
419 768 458 805 in
491 766 707 817 sepulcrum
739 765 949 811 abstrusus,
978 766 1065 815 quia
1098 764 1196 802 ferre
1233 764 1304 801 loci
1335 762 1420 812 spe·

125 828 226 866 ciem
252 828 436 878 nequibat
454 859 465 874 ,
500 829 539 866 in
567 829 799 866 conductam
834 826 1025 876 quandam
1055 824 1247 864 sordidam
1274 824 1421 862 habita-

125 890 272 928 tionem
304 889 544 937 immigravit.
575 889 741 935 deinde,
771 889 857 938 quia
892 887 1000 926 miles
1032 888 1191 933 quidam
1222 888 1324 930 iuxta
1361 886 1420 924 di-

125 947 320 993 vertebat,
352 945 566 996 periculum
599 947 763 993 timens,
794 945 920 994 capite
952 943 1060 992 raso,
1091 944 1196 994 quod
1226 942 1416 982 libertinis

125 1016 205 1046 erat
236 1005 419 1051 solitum,
450 1004 585 1044 ludum
626 1006 772 1055 aperuit
802 1003 975 1055 publice,
1012 1004 1181 1054 nullique
1221 1003 1418 1054 suspectus

117 1078 252 1108 -aeotum
282 1068 377 1107 illud
406 1067 700 1110 mirtacissimum
726 1077 879 1118 tempus
911 1068 1004 1105 citra
1029 1065 1242 1116 periculum
1267 1066 1414 1115 exegit.

124 1129 206 1169 Has
238 1130 334 1167 inter
368 1129 602 1167 calamitates
624 1127 720 1167 nihil
756 1130 836 1167 erat
863 1127 1139 1174 calamitofius‚
1173 1140 1287 1177 quam
1310 1126 1417 1176 quod

128 1205 178 1231 ne
202 1191 291 1231 flere
317 1190 474 1240 quidem
501 1188 648 1228 occisos
675 1197 754 1227 erat
778 1187 925 1226 licitum
947 1202 955 1228 :
984 1188 1074 1237 quin
1098 1187 1196 1226 ultro
1218 1189 1288 1225 laeti
1303 1203 1422 1226 omnes

124 1253 187 1306 effe
211 1251 442 1301 jubebantur
476 1251 605 1289 edicto
621 1280 632 1297 ,
656 1261 792 1302 propter
826 1249 1003 1302 consulum
1029 1250 1277 1301 defignatorum
1301 1250 1420 1288 trium-

119 1315 238 1367 phos,
271 1312 306 1350 δ’
341 1314 554 1350 imminentes
587 1312 670 1349 novi
704 1311 792 1348 anni
811 1310 938 1364 ferias.

182 1384 223 1423 C.
261 1384 363 1423 Nam
399 1396 431 1421 a.
471 1383 507 1421 d.
539 1381 590 1421 IV
617 1380 808 1420 Kalendas
843 1380 995 1428 januar.
1023 1380 1066 1421 L.
1098 1380 1259 1421 Plancus
1288 1381 1420 1425 trium-

126 1445 263 1497 phavit
287 1457 335 1483 ex
363 1442 483 1483 Gallia
500 1473 512 1491 ,
541 1442 682 1482 Rhaetis
710 1442 885 1482 divictis:
917 1444 953 1481 δε
984 1455 1076 1481 mox
1100 1455 1132 1482 a.
1157 1443 1192 1482 d.
1213 1443 1308 1493 prid.
1336 1442 1423 1483 Kal,

123 1519 174 1546 ex
202 1506 381 1555 Hispania
411 1506 466 1545 M.
497 1505 693 1554 Lepidus..
722 1504 881 1543 Plancus
911 1505 1033 1543 aedem
1073 1506 1224 1545 Saturni
1258 1505 1349 1544 fecit
1371 1517 1421 1545 ex

126 1567 332 1607 manubiis.
370 1567 415 1606 Et
447 1568 620 1616 quamvis
648 1566 834 1615 imperata
860 1564 992 1604 laetitia
1017 1565 1087 1604 hos
1115 1567 1156 1605 in
1184 1560 1419 1617 Capitolium

128 1629 230 1668 cives
261 1627 475 1677 militesque
515 1626 855 1677 prosequerentur,
888 1638 959 1665 nec
994 1635 1124 1666 tamen
1164 1636 1229 1666 aut
1261 1627 1418 1668 illorum

129 1693 248 1731 tacita
283 1689 516 1737 exsecratio,
551 1698 616 1728 aut
644 1688 783 1727 horum
814 1688 1042 1739 apertissima
1082 1691 1254 1730 convicia
1284 1692 1418 1731 defue-

129 1761 231 1793 runt.
273 1753 384 1792 Certe
422 1750 587 1790 servatus
622 1751 669 1789 ad
712 1752 940 1789 memoriam
976 1750 1144 1789 nostram
1181 1751 1304 1791 versus
1340 1753 1418 1800 est,

127 1815 226 1853 inter
249 1814 464 1863 triumphos
485 1813 573 1851 istos
596 1811 818 1862 usurpatus,
842 1814 883 1850 de
902 1813 1111 1860 Germanis,
1137 1828 1205 1851 non
1231 1816 1270 1853 de
1293 1815 1418 1855 Gallis

129 1878 199 1914 duo
233 1876 449 1927 triumphant
482 1874 640 1926 consules
666 1889 677 1911 .-
703 1873 833 1923 quod,
872 1882 915 1912 ut
947 1872 1058 1924 supra
1096 1878 1416 1923 memoravimus,

127 1937 194 1977 ille
219 1936 384 1977 Plotium
404 1936 560 1975 fratrem
574 1965 588 1984 ,
608 1935 672 1974 hic
692 1935 889 1986 Paullum,
905 1935 945 1975 in
964 1937 1262 1988 proscriptorum
1281 1951 1414 1977 nume-

130 2011 214 2038 rum
247 1996 466 2037 retulissent.

189 2061 248 2101 CI.
271 2062 359 2101 Hoc
378 2071 551 2110 tempore
571 2057 809 2098 consulatum
834 2059 872 2099 P.
896 2059 1096 2099 Ventidius
1115 2060 1264 2108 Bassus,
1286 2074 1334 2101 ex
1353 2074 1418 2112 pa-

135 2127 196 2165 cto
212 2124 519 2164 Triumvirorum
534 2152 545 2170 ‚
562 2134 650 2160 cum
669 2122 712 2161 C.
732 2121 910 2161 Carinate
926 2134 992 2173 per
1013 2122 1159 2173 aliquot
1183 2124 1264 2163 dies
1288 2125 1415 2175 gessit,

133 2187 340 2227 abdicante
366 2186 531 2234 Caesare,
564 2187 600 2225 &c
626 2184 772 2236 collega
799 2187 881 2235 ejus
913 2197 1065 2225 mortuo
1099 2186 1147 2236 Q
1182 2187 1309 2227 Pedio.
1341 2190 1418 2228 Nee

133 2262 208 2300 que
236 2261 382 2288 moram
406 2247 612 2295 afferebat,
635 2248 739 2297 quod
763 2255 844 2286 tum
870 2249 1037 2287 maxime
1065 2258 1201 2299 praetor
1224 2260 1302 2289 erat
1317 2251 1420 2289 Ven-

132 2311 282 2350 tidius:
324 2309 435 2349 nihili
463 2311 567 2349 enim
598 2308 743 2348 fiebant
772 2309 900 2360 leges,
934 2323 1093 2360 quarum
1127 2311 1295 2350 Genucia
1330 2324 1417 2350 cau.

134 2381 218 2413 tum
248 2381 350 2420 erat,
383 2385 430 2411 ne
470 2373 551 2427 quis
587 2373 684 2411 duos
721 2372 955 2423 magistratus
998 2386 1074 2412 uno
1113 2386 1216 2412 anno
1256 2381 1418 2426 gereret:

180 2504 205 2550 §
228 2504 351 2541 XCIX„
374 2506 455 2544 Dio.
477 2506 620 2552 Appian.
644 2505 667 2553 §
693 2506 732 2544 C.
755 2506 900 2552 Appiam
929 2508 1053 2554 Vellei.

1070 2563 1102 2609 P
1134 2580 1159 2611 ,ι
