1685 3042
324 226 384 286 36
453 217 1504 269 JO.FRE1NSHEMIISUPPLEM.

323 324 514 378 gionibus
526 331 688 375 poterat.
725 324 902 382 Idcirco,
924 321 1018 361 licet
1043 330 1240 360 veteranos
1264 317 1422 357 haberet
1442 317 1608 366 milites,

321 396 453 427 tamen
481 386 809 437 quemadmodum
833 393 968 423 contra
989 384 1115 423 levem
1139 386 1174 424 ἃ
1196 381 1506 421 concursatorem
1529 380 1607 419 ho·

319 449 415 488 stem
441 448 479 487 se
503 456 722 495 tuerentur,
745 456 931 496 tanquam
961 444 1094 484 lanista
1116 445 1261 484 tirones
1285 442 1404 491 solet,
1430 452 1606 481 accurate

320 510 462 550 docere
487 511 642 549 coaetus
675 508 738 547 est.

374 571 550 613 XXXII.
584 570 640 611 Ad
670 570 749 608 hoc
780 583 824 608 ex
834 571 872 620 s
856 568 986 620 ngulzs
1013 566 1210 620 legionibus
1243 577 1409 604 trecentos
1443 528 1606 613 jubebat

316 634 500 685 expeditos
519 633 692 678 incedere,
715 641 876 679 quorum
901 639 1016 666 onera
1039 628 1074 666 ἃ
1098 626 1254 665 sarcinae
1278 638 1298 664 a
1323 624 1607 664 commilitoni-

316 695 391 735 bus
419 693 688 745 portabantur,
707 704 746 730 ut
776 693 953 744 ingruente
979 690 1067 742 hoste
1086 689 1205 741 praesto
1226 687 1359 740 vreffiaeyzt,
1381 688 1442 740 qui
1473 685 1607 738 objice--¹

312 770 442 796 rentur.
471 758 565 796 Haec
588 755 786 805 diligentia
805 762 958 792 tantum
981 750 1235 790 emolumenti
1259 750 1371 789 rebus
1397 751 1479 798 ejus
1501 757 1607 787 attu-

271 823 274 831 '
313 817 385 866 lit,
402 826 445 857 ut
458 818 556 868 saepe
576 825 748 855 tentatus
764 844 776 862 ,
793 828 815 854 a
835 815 1003 855 Labieno
1029 812 1235 863 praesertim
1248 810 1407 859 ,multo
1431 811 1516 861 plus
1540 811 1606 849 da-

316 882 397 920 mni
425 881 530 920 daret
550 879 718 918 hostibus
735 907 745 924 ,
770 890 886 927 quam
914 876 1130 925 acciperet3
1152 887 1275 923 neque
1298 886 1345 912 eo
1372 873 1499 911 minus
1525 871 1605 921 ple-

312 938 446 988 rasque
467 939 753 988 expeditiones,
773 950 849 986 quo
866 935 1021 974 volebat
1042 944 1203 982 eventu,
1218 934 1372 973 faceret.
1394 934 1493 973 Nam
1512 946 1605 983 prae·

312 1009 371 1039 ter
388 1000 552 1039 hostium
576 1000 692 1039 castra
706 1000 832 1038 ductis
855 997 1074 1049 legionibus
1088 1028 1099 1047 ,
1113 998 1304 1048 oppidum
1321 999 1457 1037 Zetam
1478 997 1582 1046 cepit
1592 1010 1608 1041 3

319 1071 447 1108 neque
467 1062 530 1099 diu
554 1062 636 1106 post
657 1061 863 1101 Sarsuram.

369 1119 566 1159 XXXIII.
580 1117 792 1165 Vaccenses
809 1124 962 1163 tamen,
980 1127 1070 1155 cum
1093 1115 1307 1167 praefidium
1334 1129 1354 1154 a
1375 1114 1518 1154 Caesare
1540 1128 1605 1165 pe-

312 1182 479 1229 tiiffent,
504 1180 722 1232 priusquam
745 1178 842 1217 illud
865 1178 1103 1228 perveniret,
1123 1191 1145 1216 a
1166 1190 1255 1228 rege
1279 1177 1379 1225 Juba
1405 1190 1539 1216 omnes
1554 1177 1604 1216 ad

313 1257 436 1282 unum
466 1242 653 1281 interferfti
673 1240 781 1288 sunt,
799 1239 988 1290 oppidum
1012 1238 1204 1289 direptum
1229 1238 1487 1288 deletumque.
1516 1238 1601 1277 Nec

311 1307 402 1346 ideo
426 1305 553 1344 minus
574 1301 866 1350 Thabenenses‚
891 1301 941 1339 ad
966 1312 1071 1338 mare
1094 1300 1160 1338 fita
1179 1311 1258 1337 non
1281 1311 1418 1348 magna
1441 1299 1603 1346 civitas,

310 1379 436 1416 arege
459 1365 704 1410 defecerunt,
723 1361 874 1410 occiso,
889 1362 992 1411 quod
1013 1359 1067 1398 ibi
1088 1360 1229 1408 fuerat,
1246 1359 1438 1410 praefidi03
1462 1360 1602 1409 quibus

309 1427 532 1479 petentibus
555 1423 746 1464 auxilium
768 1423 888 1463 Caesar
912 1422 970 1462 M.
993 1420 1170 1472 Crispum
1192 1421 1388 1459 tribunum
1420 1432 1509 1458 curn
1536 1431 1602 1458 co-

312 1490 425 1529 horte
459 1491 495 1528 &
531 1486 729 1538 sagittariis
765 1484 1043 1534 tormentisque
1077 1482 1341 1533 compluribus
1376 1483 1485 1521 misit.
1530 1482 1599 1521 sub

313 1554 418 1593 idem
441 1562 593 1601 tempus
610 1563 717 1590 novae
733 1549 857 1598 copiae
878 1554 1066 1586 venerunt
1081 1547 1131 1585 ad
1146 1545 1327 1586 Caesarem
1341 1576 1352 1593 ‚
1375 1558 1422 1584 ex
1444 1545 1489 1584 iis
1501 1577 1513 1594 ‚
1532 1545 1599 1595 qui

313 1615 441 1655 morbi
465 1613 598 1661 causa,
621 1620 687 1651 aut
702 1619 929 1650 commeatu
951 1611 1184 1660 impetrato,
1200 1611 1305 1659 prius
1329 1609 1502 1657 trajicere
1525 1620 1598 1646 ne-

313 1680 514 1730 quiverant
535 1707 546 1722 ,
564 1676 730 1715 militum
759 1682 920 1725 quatuor
951 1673 1091 1722 millia,
1123 1672 1394 1723 quadringenti
1423 1672 1600 1721 equites,

309 1742 554 1781 funditorum
579 1739 932 1789 sagittariorumque
955 1736 1073 1775 mille.

367 1803 558 1845 XXXIV.
583 1802 710 1842 Tanto
737 1800 857 1850 magis
881 1800 999 1838 dabat
1021 1810 1203 1849 operam,
1228 1805 1272 1836 ut
1296 1796 1343 1836 de
1366 1794 1515 1835 summa
1542 1808 1599 1834 re-

311 1878 396 1904 rum
424 1864 649 1911 dimicaret,
675 1862 743 1901 fibi
771 1861 959 1911 militique
986 1870 1164 1899 veterano
1189 1859 1336 1899 fidens:
1362 1861 1397 1898 ἃ
1417 1860 1504 1908 quia
1530 1858 1598 1898 ho-

312 1927 384 1966 stes
410 1940 431 1966 a
453 1924 725 1966 munitioribus
748 1923 845 1963 locis
874 1923 1012 1968 deduci
1036 1936 1112 1961 non
1134 1930 1332 1972 poterant,
1359 1922 1457 1971 prid.
1489 1922 1593 1962 Non.

313 1987 433 2038 April.
469 1987 584 2026 castra
619 1985 765 2032 movit,
800 1987 834 2024 ἃ
865 1983 1030 2023 sedecim
1065 1983 1184 2022 millia
1215 1982 1387 2036 passuum
1423 1982 1596 2021 celeriter

313 2048 509 2096 emensus,
526 2047 700 2087 obfidere
714 2045 912 2096 Thapsum
939 2046 1109 2085 instituit.
1130 2043 1305 2094 Thapsus
1326 2045 1365 2081 in
1389 2043 1595 2093 peninsulae

311 2111 478 2162 speciem
502 2111 595 2149 hinc
618 2110 736 2156 mari,
763 2109 854 2147 inde
881 2109 1010 2159 stagno
1037 2108 1240 2147 salinarum
1268 2106 1433 2145 ambitur
1460 2121 1467 2143 :
1497 2107 1595 2145 inter

313 2173 420 2223 quod
446 2175 481 2212 Gt
509 2184 614 2211 mare
632 2171 690 2210 via
711 2184 790 2209 non
808 2170 969 2220 amplius
986 2169 1090 2208 mille
1106 2170 1398 2219 quingentorum
1420 2168 1595 2218 passuum

312 2234 625 2285 relinquebatur,
651 2246 765 2283 quam
791 2233 931 2283 triplici
956 2231 1126 2282 praefidio
1151 2232 1356 2281 occupavit
1384 2230 1526 2276 Caesar,
1553 2238 1597 2269 ut

311 2299 533 2349 Scipionem
560 2311 607 2337 eo
632 2298 768 2336 itinere
792 2297 1026 2336 excluderet.
1058 2297 1104 2336 Et
1136 2295 1246 2334 affuit
1276 2294 1362 2342 ille,
1392 2308 1440 2333 ne
1467 2293 1595 2333 fidiffi-

313 2374 420 2400 mum
446 2359 615 2411 partibus
635 2359 825 2410 oppidum
856 2372 923 2410 per
945 2358 1137 2397 summum
1164 2358 1331 2397 dedecus
1351 2355 1592 2395 indefensum

317 2523 345 2555 ἃ
361 2477 382 2520 g
405 2477 636 2555 JXBXIAfDio.
661 2477 786 2511 Aueror
803 2477 841 2510 de
867 2478 903 2511 Β.
936 2475 1036 2509 Afric.
1060 2475 1082 2520 §
1107 2475 1264 2509 XXXIII.
1281 2475 1389 2508 Strab.
1407 2475 1429 2505 l.
1451 2485 1503 2515 17.
1518 2473 1590 2505 Au·

350 2536 386 2554 or
427 2535 443 2556 e
489 2546 497 2554 .
565 2534 625 2558 rm.
