1685 3042
334 215 425 263 292
493 164 1553 265 JO.¹FRE1-'NSHEM11SUPPLEM.·

332 307 438 346 etiam
457 305 611 359 fortunat
643 305 681 343 in
716 305 876 344 virtutem
915 304 1034 342 licebit
1065 304 1247 356 quidlibet.
1280 316 1420 344 ceterum
1445 320 1527 359 egv,
1555 306 1617 346 ln's‘

329 367 481 420 deceptis
494 398 504 415 ‚
519 383 560 406 en
578 368 723 421 adsit-m,
739 367 924 419 pez-Hiatus,
947 368 1041 418 quod
1060 367 1123 404 tibi
1138 366 1322 406 videbitur.
1345 367 1442 406 Cum
1461 368 1510 407 ad
1530 367 1613 407 haec

330 427 607 478 obstupuissent
644 429 814 478 equites,
850 427 1056 466 conversus
1091 428 1141 466 ad
1171 426 1242 466 hos
1272 428 1492 477 Antonius,
1524 432 1612 469 Non

327 495 398 546 est,
421 493 566 543 inquit,
595 505 634 532 ut
653 507 737 546 aegre
762 492 892 545 feratis
912 493 1003 530 hanc
1014 491 1198 543 fraudem:
1222 491 1334 529 nihilo
1354 493 1499 531 minoris
1521 495 1613 533 hanc

323 557 476 607 praedam
503 556 647 608 aeflimo,
667 554 782 607 pluris
810 553 937 598 immo,
965 564 1094 604 quanto
1110 553 1247 604 praestas
1273 554 1404 601 amici,
1429 569 1532 606 quam
1553 556 1615 593 ho-

324 618 392 672 stis
407 615 539 669 fhHum
564 617 626 668 effe
649 627 848 667 compotem.
884 614 930 653 Et
955 613 1144 653 Lucilium
1171 615 1328 664 quidem
1352 615 1504 656 suorum
1534 620 1615 657 cui-

329 681 421 720 dam
441 680 652 717 curandum
684 676 868 715 tradidit:
898 687 1022 725 eoque
1047 675 1207 714 viciffim
1232 675 1311 715 fido
1336 678 1475 718 deinde
1498 687 1613 730 atque

326 742 523 783 benevolo
548 741 596 779 ad
621 739 750 779 omnia
779 737 868 776 usus
892 736 956 776 est.
1193 734 1197 737 ’

383 804 540 846 ΧΧΠΙ.
581 803 728 842 Interea
756 801 895 840 Brutus
933 808 1024 838 cum
1054 812 1170 839 manu
1200 799 1304 840 haud
1333 800 1545 852 spernenda
1572 803 1615 842 in

327 867 522 909 tumulum
549 866 585 904 se
619 872 837 915 receperat,
872 862 1061 902 beneficio
1087 863 1209 903 noc‘kis
1242 864 1283 902 in
1315 865 1431 903 castra
1465 864 1527 903 vel
1563 865 1613 904 ad

326 944 434 972 mare
457 927 644 968 evasurus,
682 927 736 967 Eo
761 935 934 975 tempore
960 925 1226 976 suspicientem
1248 926 1288 964 in
1310 926 1453 965 coelum
1474 926 1614 966 sudum

325 1005 373 1032 ac
406 990 518 1030 stellis
544 988 723 1039 fulgens,
750 986 975 1027 exclamasse
1012 988 1166 1027 tradunt
1194 987 1385 1037 Euripidis
1408 988 1538 1037 versu,
1561 991 1613 1028 uti

326 1072 370 1094 ne
392 1056 527 1106 Jupirer
551 1051 688 1105 effitgere
712 1059 896 1103 pateretur?
914 1050 1064 1088 inultum
1096 1051 1214 1088 lzorum
1241 1049 1409 1088 malorum
1436 1055 1613 1092 auc‘Zorem.

327 1114 534 1167 defignaffe
564 1114 774 1154 Antonium
809 1113 997 1159 creditur,
1028 1112 1093 1162 qui
1119 1121 1202 1151 tum
1227 1113 1267 1151 in
1293 1114 1408 1152 armis
1436 1127 1606 1164 pernox,

326 1193 379 1219 ex
409 1177 660 1218 cadaveribus
690 1178 725 1216 &
756 1175 886 1225 spoliis
913 1174 1013 1214 vallo
1043 1174 1206 1222 effecto,
1238 1174 1369 1213 locum
1399 1175 1613 1215 circumde-

326 1244 458 1282 derat:
485 1242 519 1279 &
543 1238 682 1285 Caesar,
707 1237 831 1276 castris
852 1238 899 1276 ad
926 1237 1097 1275 mediam
1124 1237 1240 1287 usque
1260 1238 1412 1276 noeiem
1438 1236 1611 1288 servatis,

327 1303 456 1345 morbi
491 1299 830 1340 causa-discedens
856 1295 1093 1339 Norbanum‘
1113 1299 1240 1337 eidem
1273 1299 1452 1338 custodiae
1478 1300 1612 1350 praefe⁶

325 1375 444 1406 cerat.
484 1363 696 1404 Penetravit
720 1372 848 1400 tamen
872 1373 918 1399 eo
945 1373 1011 1410 per
1034 1361 1181 1400 medias
1211 1361 1411 1410 stationes,
1441 1365 1551 1411 cujus
1575 1364 1613 1402 &c

326 1429 369 1467 in
399 1427 554 1467 Catonis
585 1437 708 1463 morte
737 1424 898 1462 fecimus
926 1423 1187 1470 mentionem,
1213 1424 1410 1471 Statilius,
1445 1424 1613 1464 sublata-

328 1503 425 1540 que,
440 1499 483 1527 ut
504 1495 757 1532 convenerat,
781 1485 889 1531 face,
908 1484 1007 1523 salva
1035 1484 1116 1524 haec
1140 1485 1214 1524 ess‘e
1238 1486 1354 1525 Bruto
1376 1487 1610 1537 significavit.

325 1553 393 1592 sed
421 1550 486 1589 ubi
513 1561 583 1587 nec
607 1547 673 1586 ille
698 1547 834 1593 rediit,
862 1547 954 1584 dum
980 1545 1056 1585 hoc
1078 1555 1263 1594 conatur,
1295 1548 1539 1597 interFedtu83
1565 1551 1613 1588 de

328 1622 454 1653 morte
480 1610 664 1650 sumenda
689 1610 825 1650 Brutus
848 1611 1017 1659 agitans,
1043 1611 1126 1659 ejus
1151 1611 1205 1649 rei
1231 1610 1476 1650 ministerium
1498 1625 1517 1651 a
1541 1612 1614 1650 ser-

328 1689 378 1714 vo
406 1673 472 1712 suo
490 1703 500 1719 ‚
527 1672 668 1710 deinde
691 1671 738 1711 ab
763 1673 980 1723 armigero,
1004 1672 1086 1722 post
1113 1672 1187 1711 hoc
1212 1674 1247 1712 Sc
1272 1686 1293 1712 a
1316 1673 1354 1713 P.
1382 1673 1611 1724 Volumnio,

330 1739 396 1788 qui
432 1748 555 1774 rerum
584 1734 717 1772 harum
747 1733 875 1772 edidit
906 1733 1121 1781 historiam,
1147 1736 1272 1785 petiit.
1319 1735 1393 1775 Sed
1419 1734 1480 1774 his
1511 1736 1613 1776 aliis—

330 1810 405 1847 que
431 1794 746 1835 submonentibus
761 1825 772 1842 ‚
787 1795 888 1847 prius
914 1797 1100 1832 tentandos
1129 1796 1344 1848 praefintium
1365 1797 1500 1835 animos
1522 1797 1609 1849 ff,-

326 1858 410 1905 ipse
442 1857 596 1906 quidem
635 1867 745 1905 agere
778 1866 869 1893 cum
909 1854 969 1894 his
997 1855 1153 1903 noluit,
1181 1855 1342 1896 tribunis
1376 1856 1613 1908 legatisque,

326 1921 405 1969 jim
437 1930 602 1957 errorem
635 1915 744 1955 suum
775 1928 865 1954 cum
897 1916 1042 1967 pudore
1071 1916 1382 1968 agnoscentibus,
1406 1921 1609 1970 negotium

332 1980 452 2019 dedit.

386 2040 532 2080 XXIV.
567 2041 611 2079 At
635 2038 803 2087 milites,
831 2039 947 2090 paulo
975 2048 1063 2078 ante
1091 2048 1168 2079 tam
1199 2043 1234 2080 ἃ
1258 2041 1298 2078 iu
1325 2040 1506 2080 sumenda
1540 2055 1613 2092 pu-

329 2116 426 2155 gna,
456 2105 490 2140 ὁὶ
518 2102 557 2140 in
583 2102 786 2152 pugnanda
813 2102 986 2150 feroces,
1004 2112 1086 2141 tum
1109 2104 1156 2142 ad
1184 2112 1395 2143 extremam
1424 2104 1610 2146 vilitatem

329 2164 485 2214 relapsi,
519 2164 598 2202 haec
637 2164 947 2213 responderunt:
987 2166 1132 2216 Quanta
1159 2166 1234 2215 fide
1260 2178 1457 2217 quantaque
1487 2167 1612 2204 virtute

323 2227 437 2281 secuti
461 2239 580 2278 partes
612 2225 850 2277 imperatorum
887 2224 1078 2274 fuerimus,
1103 2237 1142 2262 ut
1165 2225 1260 2262 m'lzil
1290 2226 1410 2271 alud,
1438 2227 1505 2263 hoec
1522 2226 1613 2277 fime

331 2289 478 2328 vulnera
512 2287 645 2335 nostra,
686 2288 754 2323 lzaec
790 2287 935 2338 inopia,
963 2298 1064 2337 cuque
1089 2285 1160 2338 ips}
1189 2286 1244 2323 hic
1273 2286 1400 2337 infelix
1426 2289 1460 2325 G·
1479 2285 1609 2338 feralis

333 2352 451 2398 loeus,
471 2353 508 2389 in
533 2365 629 2402 quem
652 2350 759 2388 comi
782 2350 992 2402 conclnfique
1006 2347 1149 2400 finnus,
1173 2349 1361 2401 ostendant.
1383 2350 1465 2388 Nos
1480 2361 1609 2399 tamen,

385 2473 404 2493 ‘³
431 2471 540 2505 XXII.
565 2471 652 2503 Piut.
676 2471 820 2513 Appiam.
850 2471 871 2514 5
897 2471 1023 2507 xxm.
1048 2470 1171 2510 Vellei.
1196 2482 1213 2504 2
1230 2498 1241 2515 ‚
1262 2483 1317 2513 70.
1341 2469 1478 2515 Joseph.
1503 2470 1610 2512 antiq.

336 2516 411 2551 Jud.
438 2529 500 2559 14,
526 2527 575 2550 22.
599 2517 742 2560 Appiam.
768 2516 858 2551 Piut.
