1685 3042
297 164 393 224 ‘305
459 160 553 206 ΣΟ.
601 158 1108 204 FREINSHEMII
1147 157 1514 204 SUPPLEM.

303 262 507 310 omnibus,
539 260 746 311 laudesque
784 262 819 300 ἃ
851 268 972 312 grates
1011 261 1184 299 certatim
1217 258 1477 301 insonuerunt.
1505 260 1580 300 Sed

293 339 426 377 neque
449 324 515 366 hic
540 319 728 364 malorum
751 324 836 363 finis
852 356 866 372 ‚
890 324 1041 364 turbato
1066 322 1174 363 fimul
1209 323 1426 362 concordiae
1451 323 1583 362 vincu-

300 388 352 428 lo.
377 400 449 427 nec
475 386 576 427 enim
601 399 678 438 pax
703 389 739 426 ἃ.
761 387 867 436 quies
897 385 1094 425 consistere
1120 398 1210 425 cum
1240 384 1423 433 injustitia
1450 383 1585 434 potest.

300 450 421 501 Igitur
447 448 583 499 quibus
607 447 725 487 caufis
750 448 878 487 favere
902 446 1012 486 miles
1040 445 1173 486 Caesari
1189 478 1201 495 ,
1223 446 1357 485 iisdem
1388 446 1496 497 plebs
1514 446 1585 485 ira-

302 511 357 551 sci
388 510 530 561 coepit:
562 508 772 560 paffimque
800 508 840 546 in
877 508 971 546 urbe
1007 509 1044 547 &
1067 520 1134 558 per
1162 507 1314 547 Italiam
1346 521 1482 559 pugnae
1512 519 1588 547 cae-

303 571 445 623 desque
464 572 572 612 faetae
590 585 598 611 :
620 570 782 610 militem
807 568 997 618 superiore
1022 580 1216 608 armorum
1238 568 1411 619 praefidio
1430 570 1465 608 8(
1488 567 1587 619 peri.

302 637 380 686 tia;
400 636 553 688 plebem
573 634 804 674 defendente
825 644 987 670 nurnero
1002 660 1013 679 ‚
1041 632 1077 670 δε
1100 631 1293 678 εεᾱίἧοίἱε,
1315 631 1421 671 unde
1435 631 1585 682 sparge—

303 701 372 740 bat
398 698 557 738 missilia.
592 696 669 737 Sed
704 694 764 733 his
788 694 890 733 faces
917 693 1106 732 subdente
1133 701 1336 742 veterano,
1371 692 1479 744 plura
1506 691 1587 744 pas-

301 762 371 802 sim
393 758 572 799 incendia
597 755 828 795 exstiterant.

356 819 504 862 XVIII.
534 819 604 858 His
629 816 742 856 malis*
767 814 986 867 compulsus
1019 814 1266 865 adolescens,
1290 817 1327 855 &
1358 815 1463 866 quod
1491 813 1591 869 miffi

301 885 343 924 in
370 883 593 933 Hispaniam
635 879 776 919 milites
794 910 804 929 ‚
829 879 1033 919 Placentiae
1066 879 1237 929 pecuniis
1267 892 1334 930 per
1360 880 1436 918 vim
1465 886 1591 917 extor-

300 947 376 992 tis,
400 943 556 983 transitu
589 942 746 992 Alpium
771 955 793 980 a
819 940 964 980 Caleno
991 942 1026 980 <Sc
1053 941 1235 981 Ventidio
1258 940 1587 992 prohibebantur,

302 1006 547 1047 conditiones
569 1002 755 1043 offerebat
771 1003 937 1043 Antonio
954 1005 991 1043 Sc
1015 1003 1178 1052 Fulviae,
1203 1005 1238 1043 &
1258 1015 1336 1042 rem
1364 1015 1430 1053 pet
1455 1001 1492 1041 se
1514 1001 1592 1041 fru-

300 1071 373 1118 stra
398 1070 494 1120 saepe
527 1076 737 1114 tentatam,
760 1066 948 1104 veteranis
973 1065 1226 1105 commiserat.
1255 1065 1330 1105 Sed
1362 1072 1504 1113 quanto
1533 1064 1591 1102 in-

302 1132 447 1172 tentius
476 1142 549 1180 pax
565 1141 584 1167 a
609 1127 752 1167 Caesare
782 1127 1042 1177 quaerebatur,
1067 1132 1174 1163 tanto
1203 1124 1323 1174 magis
1351 1124 1495 1163 bellum
1512 1123 1594 1175 pla-

303 1193 418 1233 cebat
448 1189 686 1231 Antonianis.
716 1188 759 1229 L.
789 1188 971 1234 Manius,
1003 1184 1186 1225 Caesarem
1218 1185 1395 1235 perosus,
1419 1185 1593 1226 Fulviam

300 1256 343 1296 in
369 1253 514 1294 bellum
540 1250 718 1290 muliebri
745 1248 992 1288 aemulatione
1022 1247 1264 1296 stimulabat,
1289 1249 1514 1296 Antonium,
1536 1249 1596 1288 di-

285 1316 464 1362 fllzitans,
491 1314 558 1364 nist
581 1311 730 1350 turbatis
763 1312 862 1348 rebus
886 1312 923 1348 in
948 1310 1092 1349 Italiam
1123 1312 1337 1357 retrahatur,
1364 1322 1474 1348 totum
1499 1309 1596 1349 Cleo·

289 1391 412 1434 7patrae
425 1375 526 1429 fhre:
561 1376 639 1423 jam
672 1373 776 1412 enim
812 1373 861 1411 de
891 1371 949 1410 his
987 1371 1182 1410 amoribus
1212 1372 1378 1412 inauditi
1411 1379 1594 1421 coeperat.

299 1439 401 1480 =Ideo
434 1435 592 1483 Fulvia,
624 1434 763 1473 cundia
804 1434 933 1482 potius
969 1443 1078 1470 ruere
1121 1431 1307 1481 cupiens,
1338 1444 1452 1482 quam
1492 1431 1595 1470 hunc

306 1501 483 1542 dolorem
503 1495 691 1548 perferre,
713 1494 754 1534 L.
773 1493 932 1534 Antonii
957 1505 1100 1532 vanum
1124 1492 1217 1533 alias
1243 1496 1279 1534 &
1307 1494 1520 1545 malignum
1541 1495 1598 1533 in-

290 1564 464 1618 -genium
481 1592 492 1609 .,
519 1571 662 1611 parque
693 1557 794 1598 viti-is
820 1557 970 1604 fratris,
999 1557 1184 1596 virtutum
1218 1558 1301 1606 ejus
1337 1570 1499 1607 expers,
1525 1571 1597 1608 po·

304 1634 430 1667 tenter
452 1622 630 1678 impulit,
652 1630 696 1661 ut
724 1624 881 1668 eorum,
902 1619 1040 1670 quibus
1061 1619 1204 1658 ademti
1231 1627 1338 1658 erant
1363 1620 1467 1670 agri,
1485 1619 1597 1658 causa

307 1689 437 1742 palam
479 1686 742 1737 suscipienda,
779 1684 826 1723 sic
861 1683 1059 1723 allicerent
1091 1683 1330 1732 voluntates,
1361 1694 1403 1722 ut
1436 1695 1597 1735 magnus

307 1763 402 1791 mox
429 1762 478 1788 ex
499 1761 545 1790 eo
571 1760 734 1787 numero
756 1746 946 1786 exercitus
976 1753 1187 1797 cogeretur,

362 1812 478 1854 XIX.
508 1810 584 1851 Sed
613 1811 769 1849 interim
804 1808 968 1860 reliquas
995 1808 1168 1848 colonias
1197 1808 1455 1848 deducentem
1479 1805 1598 1848 Caesa-

308 1889 411 1924 rem,
443 1874 632 1915 Antonius
663 1884 752 1912 cum
783 1872 907 1912 fratris
934 1872 1062 1912 liberis
1097 1871 1201 1922 sequi
1239 1871 1395 1918 statuit,
1419 1883 1468 1909 ne
1498 1870 1597 1909 solus

307 1939 411 1990 apud
432 1944 597 1977 armatos
621 1933 848 1985 conspectus
877 1932 962 1982 ille,
986 1934 1067 1972 vim
1096 1944 1251 1972 omnem
1279 1931 1317 1970 in
1344 1929 1381 1970 se
1403 1931 1593 1970 traheret:

308 2001 375 2042 sed
397 2013 488 2039 mox
507 2011 595 2038 cum
616 1997 770 2045 iisdem,
792 1995 955 2035 dubium
976 2007 1064 2033 vero
1079 2024 1089 2041 ‚
1105 2006 1152 2033 an
1172 1992 1347 2032 fimulato
1366 2002 1470 2031 metu
1483 2022 1494 2041 ‚
1509 2005 1598 2043 pro.

310 2063 453 2113 fug-m,
482 2060 791 2100 Antonianorum
816 2056 916 2097 obiit
943 2056 1139 2103 colonias,
1172 2055 1385 2106 praesidium
1414 2068 1595 2106 quaerens.

312 2127 391 2166 Sibi
414 2125 503 2163 enim
535 2125 569 2163 6·
585 2123 703 2176 pueris
726 2136 837 2160 necem
858 2133 1024 2173 paratam
1042 2136 1065 2158 a
1091 2120 1217 2171 Caesare
1236 2117 1345 2171 fiuffe
1370 2117 1597 2156 criminaba-

310 2198 374 2229 tur
394 2203 456 2241 per
486 2188 673 2240 equitatum
711 2186 815 2238 ejus.-
840 2198 936 2236 quem
969 2183 1079 2235 Casu
1113 2181 1278 2232 adverjfirs
1307 2179 1595 2232 Pompejanorum

309 2252 517 2302 incursiones
537 2251 573 2288 in
592 2249 749 2289 Bruttios
773 2248 904 2300 mtffum
929 2244 1146 2284 excusabat.
1167 2243 1420 2294 probavitque
1443 2241 1594 2282 causam

313 2312 474 2354 ducibus
509 2313 838 2359 Antonianorum,
876 2314 911 2349 3:
953 2309 1009 2347 his
1042 2306 1331 2346 conditionibus
1369 2304 1515 2344 sublata
1542 2302 1594 2342 est

362 2433 384 2474 ς
413 2432 524 2465 XVII.
547 2430 628 2464 Dio.
659 2430 804 2474 Appiam.
829 2429 850 2470 ξ
879 2428 1004 2460 XVIII.
1034 2427 1120 2462 Plut.
1152 2427 1186 2460 in
1209 2426 1339 2461 Annon,
1371 2436 1400 2459 c.
1431 2433 1484 2466 40.
1510 2422 1601 2458 flor.

316 2487 360 2518 4,
388 2488 416 2519 5.
443 2476 566 2518 Vellej.
600 2488 633 2516 r,
651 2488 704 2516 ‘⁷4-
731 2474 804 2507 Liv.
835 2474 924 2517 Epir,
945 2473 1089 2516 Appian-
