1685 3042
232 199 360 252 ‚352
428 179 1455 232 JO.FRE1NSHEM118UPPLEM;

264 304 306 329 co
330 288 437 327 Bruti
459 301 622 340 negamus
647 288 810 335 veniam,
831 289 932 336 vide,
958 302 1001 327 ne
1020 290 1261 341 propemodum
1288 291 1446 329 omnibus
1461 293 1545 343 suc·

261 354 394 407 censere
416 365 588 404 cogamur.
627 353 710 391 Cum
738 351 905 404 Pompejo
933 362 1046 388 autem
1073 364 1144 388 non
1172 351 1226 389 ita
1251 365 1457 391 conventum
1477 354 1546 405 est,

262 428 302 454 ut
336 416 468 468 eosdem
497 414 630 453 amicos
666 425 768 466 atque
809 414 916 463 hostes
950 413 1078 451 habeat
1100 428 1112 451 .·
1139 413 1206 465 fid
1235 425 1299 460 ut,
1328 426 1360 452 te
1392 428 1546 454 movente

261 477 414 524 bellum,
439 475 580 514 auxilio
611 474 688 527 ejus
722 486 866 520 utatur‚·
901 484 933 511 te
965 473 1175 525 quiescente,
1205 475 1269 511 tibi
1299 476 1462 513 conciliet
1481 477 1545 514 ho.

260 539 386 577 minem
411 538 546 576 nullius
569 538 604 575 δ’
621 537 733 589 ipsum
759 535 900 587 sceleris
927 549 1027 573 reum.
1066 537 1110 574 In
1130 549 1163 574 te
1197 551 1278 575 vero
1302 539 1337 576 δ’
1359 539 1478 577 harum
1495 552 1547 575 re.

258 617 335 641 rum
356 602 479 640 crimen
509 599 636 650 expetit
658 615 670 638 .·
692 598 759 647 nisi
781 598 869 635 enim
890 597 1047 648 bellaffis
1072 598 1110 634 in
1138 599 1270 646 Italia,
1301 614 1477 652 nunquam
1505 599 1545 637 hi

260 667 338 716 aust
350 663 494 717 fiuffent
520 662 708 713 legationes
733 661 783 698 ad
806 661 1005 698 Antonium
1031 660 1173 698 mittere.
1202 659 1445 700 Vociferante
1466 661 1548 701 Cae-

262 726 362 775 sure,
391 739 461 763 non
489 724 526 776 se
559 724 701 775 causam
731 723 763 758 ei
800 721 915 768 bello,
944 722 1013 773 sed
1036 721 1233 767 Manium,
1262 724 1329 775 sed
1354 724 1545 771 Fulviam,

253 790 320 842 sed
343 788 489 827 Lucium
505 784 680 835 praeburffe
694 799 712 830 ‚·
744 797 848 835 neque
869 797 949 821 vero
973 797 1126 835 unquam
1151 796 1258 821 antea
1282 784 1485 837 Pompejum
1507 786 1547 822 irz

260 846 407 885 Italiam
429 857 504 881 cum
525 843 721 895 legionibus
736 845 927 897 descendere
949 846 1072 898 attsum
1087 874 1098 893 ,
1123 858 1215 883 nunc
1238 846 1394 884 Antonii
1408 845 1550 897 fiducia

258 906 401 961 jeciffe:
429 906 540 953 Non,
575 905 628 943 ait
655 904 744 953 ille,
776 906 916 956 fiducia
945 907 1120 955 Antonii,
1151 907 1284 957 Caesar,
1310 906 1377 959 sed
1410 907 1550 944 omnino

254 968 365 1022 juffit.
398 982 502 1020 neque
525 968 613 1006 enim
637 968 745 1006 celare
770 980 802 1006 te
827 969 934 1014 volo,
962 981 1105 1007 ceteram
1128 969 1234 1006 etiam
1260 967 1429 1017 Italiam,
1445 968 1548 1005 nulla

262 1028 366 1081 claffi
398 1027 596 1081 defensam,
621 1039 697 1064 cum
726 1037 851 1077 magno
887 1029 1034 1064 navium
1059 1041 1195 1067 numero
1224 1028 1438 1082 incursurum
1465 1024 1523 1078 ff
1539 1053 1552 1071 2

262 1094 330 1145 nist
347 1105 467 1144 pacem
487 1089 658 1142 feceritis.

313 1162 469 1203 XXIII.
499 1161 573 1201 Hic
601 1169 804 1210 parumper
827 1156 988 1196 reticens
1009 1154 1230 1195 adolescens
1246 1186 1257 1203 ‚
1281 1154 1426 1209 (altius
1445 1155 1550 1196 enim

263 1225 303 1264 in
326 1226 499 1264 animum
531 1225 613 1272 eJ'us
644 1221 833 1272 postrema
863 1221 965 1259 dicta
998 1219 1301 1267 descenderant)
1327 1218 1468 1257 deinde
1495 1219 1552 1257 di-

262 1289 322 1328 xit
337 1317 348 1334 ‚
374 1301 442 1325 non
461 1287 595 1338 impune
619 1285 768 1323 laturum
791 1284 878 1336 ausa
906 1282 1132 1335 Pompejum:
1156 1296 1214 1320 nec
1237 1282 1409 1320 abiturum
1433 1282 1554 1330 alitem,

262 1363 366 1402 quam
389 1348 489 1385 modo
522 1361 545 1384 a
573 1346 722 1384 leuriis.
762 1346 809 1384 At
849 1344 1063 1393 Coccejus‚
1093 1343 1247 1383 abunde
1279 1352 1380 1383 ratus
1407 1342 1551 1394 explo-

263 1408 382 1456 rasse,
409 1405 547 1457 quibus
576 1403 735 1443 stimulis
767 1404 944 1454 utrinque
981 1403 1098 1442 animi
1135 1405 1446 1451 concitarentur,
1477 1415 1551 1442 nec

261 1469 550 1514 immedicabile
579 1467 723 1507 malum
763 1467 862 1514 esse,
891 1467 1011 1516 eoepit
1037 1477 1232 1516 exponere
1263 1467 1304 1504 de
1325 1466 1481 1515 Fulvia,
1515 1467 1551 1505 6·

262 1537 387 1590 quibus
419 1533 484 1571 illa
519 1531 631 1582 causis
665 1530 815 1568 morbum
852 1540 1052 1580 mortemque
1089 1527 1312 1580 acceleraffit.
1362 1529 1552 1582 Postquam

264 1598 396 1650 igitur,
417 1593 565 1642 inquit,
590 1593 659 1630 laec
682 1589 930 1643 discordiarum
954 1589 1115 1641 exstint‘la
1130 1587 1209 1640 fax
1229 1589 1297 1641 est,
1322 1590 1409 1640 quid
1428 1601 1548 1638 vetat,

266 1675 335 1715 quo
365 1659 480 1697 minus
507 1655 656 1694 redeatis
684 1654 721 1691 in
751 1652 936 1705 gratiam?
983 1652 1083 1689 modo
1101 1650 1214 1702 fizteri
1238 1650 1457 1704 suspiciones
1485 1665 1552 1690 ve-

266 1725 372 1773 (lras,
403 1733 505 1772 quam
530 1717 620 1756 alere
642 1715 883 1767 diffimulando
911 1714 1055 1753 malitis,
1091 1712 1273 1765 Postridie
1302 1713 1451 1763 rogavit
1470 1713 1553 1754 Cae-
1613 1706 1618 1711 ⁵
1657 1690 1659 1712 Ξ

256 1770 411 1830 ⁸sarem,
440 1792 479 1818 ut
509 1780 633 1817 literas
664 1780 714 1817 ad
742 1777 940 1816 Antonium
959 1775 1138 1829 scriberet,
1170 1776 1221 1813 ad
1251 1774 1411 1827 majorem
1449 1786 1552 1814 aetate

260 1847 392 1902 junior.
421 1842 486 1882 ille
507 1842 660 1892 negavit
692 1852 845 1892 oportere
872 1840 922 1877 ad
950 1838 1149 1875 inimicum:
1172 1838 1356 1890 praesertim
1377 1838 1436 1890 qui
1457 1851 1549 1876 com-

264 1909 422 1948 mercium
447 1907 509 1943 lzoc
534 1903 717 1957 abrupiſjet
741 1903 848 1956 prior.
878 1902 946 1954 sed
972 1900 1077 1951 ipsius
1102 1900 1207 1938 matri
1226 1899 1333 1939 Juliae
1359 1900 1546 1953 exprobra·

265 1984 404 2015 turum,
433 1969 526 2021 quod
546 1969 741 2020 propinqua
764 1966 834 2018 sua
858 1966 893 2003 δ’
913 1963 1099 2017 praecipuis
1120 1962 1215 2000 culta
1240 1963 1448 2009 honoribus,
1473 1963 1548 2002 Ita-

268 2033 353 2072 liam
374 2031 536 2084 firgeret:
569 2029 668 2080 quast
696 2042 777 2065 vero
805 2042 875 2066 non
907 2043 929 2066 a
956 2029 997 2080 se
1025 2026 1212 2079 exspeHare
1238 2026 1355 2063 omnia
1380 2037 1549 2077 tanquam

263 2111 288 2135 a
312 2096 396 2146 filio
410 2093 528 2146 poffet.
560 2091 654 2132 Usus
674 2091 787 2141 igitur
812 2088 887 2128 hoc
915 2087 1073 2128 artifieio
1090 2117 1101 2135 ‚
1125 2087 1174 2126 ad
1202 2086 1344 2136 ,Iuliam
1373 2085 1546 2136 scripsit,

266 2171 351 2210 quae
387 2157 478 2196 scire
529 2155 736 2195 Antonium
772 2152 975 2203 cupiebat,
1021 2152 1245 2191 auctoritate
1283 2149 1396 2190 salva.
1446 2148 1546 2188 Cum

266 2222 341 2262 hac
367 2219 522 2271 epistola
548 2217 805 2269 proficiscenti
829 2218 1023 2266 Cocceio,
1050 2215 1158 2255 multi
1187 2214 1425 2254 centuriones
1453 2225 1545 2253 con-

269 2286 390 2326 filium
419 2283 605 2323 exercitus
633 2291 884 2332 aperuerunt:
918 2293 988 2319 nec
1021 2279 1084 2319 ille
1108 2279 1342 2330 negligenter
1370 2275 1546 2327 exposuit

270 2347 441 2389 Antonio
455 2376 466 2394 ‚
488 2354 529 2385 ut
552 2354 698 2383 certum
723 2342 903 2391 haberet,
924 2357 1031 2396 grave
1049 2343 1118 2394 fibi
1139 2341 1265 2379 bellum
1287 2341 1456 2379 imminere
1476 2370 1486 2385 ‚
1507 2337 1545 2376 ni

273 2411 477 2461 trans-zelum
498 2408 602 2459 joret.

327 2479 474 2521 XXIV.
513 2479 596 2520 Una
624 2490 681 2518 res
714 2476 879 2517 habebat
908 2475 1115 2528 ancipitem
1143 2474 1286 2523 animi,
1311 2472 1415 2529 quod
1440 2470 1546 2520 Pom:
