1685 3042
1054 108 1065 125 ὁ

326 212 387 258 26
487 209 578 256 Jo.
626 179 1131 257 FRfflNsm-„MH
1167 209 1512 256 suppremi

320 328 393 356 ium
408 346 420 363 ,
441 330 666 369 magnamque
691 317 860 369 lignorum
892 317 963 355 vim
998 317 1204 368 comportari
1224 317 1261 354 in
1289 318 1452 370 oppidum
1481 316 1606 365 jubet.

319 376 403 426 ipse
425 376 472 415 de
489 376 653 427 suis,qui
676 378 848 417 nondum
871 376 1112 428 appulerant,
1137 375 1337 425 sollicitus,
1360 388 1448 415 cum
1463 376 1608 426 septem

319 437 538 481 admodum
576 437 801 489 cohortibus
837 439 935 478 circa
969 439 1163 488 vesperam
1202 437 1430 477 conscendit
1462 450 1606 485 naves,

319 513 461 550 magno
488 513 578 540 cum
598 510 702 540 metu
725 515 882 551 eorum,
907 501 972 554 qui
993 514 1080 541 cum
1110 502 1240 552 paucis
1262 501 1446 540 tironibus
1470 509 1606 539 contra

316 561 585 601 incredibilem
622 563 915 604 multitudinem
949 563 1115 602 hostium
1149 563 1337 614 expositi,
1364 563 1412 602 ab
1435 563 1607 612 impera-

316 629 400 661 tore
426 622 749 672 relinquebantur.
781 625 855 665 Sed
881 626 1035 664 fortuna
1067 624 1219 667 Caesaris
1250 623 1315 663 hic
1341 637 1492 674 quoque
1519 636 1605 673 pro-

317 684 414 723 vidit
438 684 621 724 celeriter.
649 686 746 725 Cum
762 717 772 733 ,
797 699 874 725 una
897 689 1012 725 nocte
1040 686 1238 725 consumta
1262 688 1303 727 in
1321 686 1479 725 navibus
1495 716 1506 734 ,
1527 687 1607 734 jam

316 746 404 786 luce
430 748 550 798 prima
574 748 824 787 constituiffet
851 747 935 787 vela
961 749 1109 796 facere,
1133 743 1288 798 tenente
1316 749 1491 798 apparuit
1513 745 1605 785 clas-

315 809 363 849 fis
379 841 389 858 ‚
408 823 522 860 quam
547 810 752 860 quaerebat.
774 810 907 860 Itaque
935 809 1100 849 militum
1133 810 1379 859 equitumque
1410 822 1489 848 non
1511 821 1606 848 con-

316 873 528 911 temnendo
550 885 711 911 numero
745 874 915 920 auctior,
941 871 1148 921 Ruspinam
1171 872 1347 921 protinus
1371 871 1495 911 rediit.

371 939 455 980 VII.
481 940 579 979 Inde
598 953 687 979 cum
704 940 927 981 cohortibus
946 941 1100 992 triginta
1123 942 1329 992 expeditis,
1353 943 1388 981 Sc
1409 938 1603 989 equitibus

317 1002 625 1052 quadringentis,
643 1002 999 1054 sagittariorumque
1017 1017 1097 1043 non
1113 1016 1250 1054 magna
1275 1015 1392 1042 manu
1406 1033 1416 1050 ,
1434 1002 1604 1043 frumen-

313 1070 439 1101 tatum
473 1063 527 1103 est
555 1063 752 1114 profectus
789 1065 912 1115 pridie
948 1067 1080 1108 Nonas
1108 1067 1318 1115 januarias.
1366 1065 1426 1106 Ibi
1465 1065 1502 1104 se
1535 1065 1604 1105 La·

314 1122 450 1161 bienus
494 1125 531 1162 ἃ
569 1124 647 1163 duo
680 1125 843 1175 Pacidii,
876 1139 966 1165 cum
1001 1127 1229 1167 Maurorum
1269 1126 1604 1174 Numidarumque

314 1185 491 1233 equitum
521 1188 609 1225 otro
641 1186 809 1228 millibus
829 1218 840 1236 ,
869 1188 988 1228 Gallis
1017 1189 1291 1238 Germanisque
1323 1187 1426 1226 mille
1449 1187 1605 1225 sexcen-

314 1245 386 1292 tis,
412 1247 447 1285 Sc
470 1245 672 1296 sagittariis
687 1249 1040 1296 acsfunditoribus,
1063 1249 1401 1301 hippotoxotisque
1427 1247 1603 1299 complu⁴

316 1309 421 1349 ribus
450 1311 653 1360 objiciunt.
694 1313 798 1352 struit
823 1314 945 1353 aciem
979 1313 1124 1362 Caesar,
1153 1314 1344 1364 praemiffis
1377 1313 1601 1363 sagittariis:

314 1369 530 1424 equitatum
553 1376 594 1415 in
617 1377 799 1418 cornibus
821 1378 1001 1420 collocat.
1027 1379 1103 1420 Sed
1128 1378 1194 1417 ille
1209 1409 1220 1426 ,
1236 1377 1283 1416 ab
1301 1377 1602 1417 adversariorum

314 1436 564 1478 multitudine
596 1438 790 1490 repulsus,
816 1443 1003 1480 continuo
1037 1442 1161 1481 cedit:
1195 1440 1394 1491 legionarii
1435 1440 1603 1478 circum-

313 1501 421 1539 venti
451 1502 491 1539 in
515 1501 650 1541 orbem
672 1515 842 1552 pugnare
866 1511 1065 1553 coguntur.
1092 1502 1151 1542 Ibi
1179 1502 1395 1548 Labienus,
1412 1501 1520 1552 galea
1538 1502 1603 1540 dee

314 1564 460 1611 tracia,
484 1563 570 1603 suos
586 1564 758 1611 hortari,
786 1564 979 1615 appellare
1009 1564 1262 1611 Caesarian033
1291 1564 1431 1612 donec,
1458 1564 1601 1614 petitus

314 1638 338 1665 a
359 1625 485 1666 milite
513 1629 729 1668 decumano
746 1658 756 1675 ,
783 1641 885 1678 equo
921 1628 1082 1678 graviter
1112 1627 1239 1666 saucio
1278 1634 1521 1667 averteretur.

369 1698 473 1738 VIII.
495 1699 653 1739 Interim
681 1700 827 1748 Caesar,
845 1700 1027 1741 omnibus
1051 1700 1196 1740 viribus
1220 1700 1392 1750 equitum
1408 1700 1606 1750 peditum-

314 1774 390 1811 que
413 1763 623 1811 connixus,
651 1763 809 1803 divisam
837 1763 1001 1803 hostium
1030 1777 1214 1804 coronam
1232 1763 1279 1803 ab
1305 1774 1465 1812 utroque
1484 1762 1602 1803 latere

317 1824 486 1874 disjicit,
513 1839 637 1876 neque
673 1826 787 1878 longe
821 1827 1041 1877 insecutus,
1066 1826 1204 1867 ad'sua
1238 1826 1275 1865 se
1304 1825 1470 1876 praefidia
1499 1825 1602 1864 insti„

316 1887 392 1931 tuit
417 1887 595 1937 recipere.
620 1889 695 1928 Sed
714 1889 881 1938 Petrejus
907 1890 940 1928 ἃ
963 1889 1035 1929 Cn.
1063 1887 1167 1936 Piso,
1195 1900 1283 1927 cum
1307 1886 1497 1937 equitibus
1524 1888 1603 1927 Nu„

313 1948 432 1987 midis
459 1949 564 1988 mille
588 1959 746 1990 centum
772 1950 904 1990 electis
920 1982 932 1998 ,
955 1951 1206 2000 peditumque
1228 1951 1264 1990 δε
1286 1948 1377 1987 levis
1401 1958 1598 1988 armaturae

317 2017 480 2059 quatuor
520 2011 690 2051 millibus
733 2012 1038 2062 supervenientes
1062 2042 1072 2058 ,
1115 2018 1262 2049 mutare
1303 2009 1526 2058 confilium,
1560 2012 1597 2050 &-

317 2072 449 2112 medio
477 2085 614 2125 campo
661 2076 919 2125 redintegrare
954 2087 1123 2124 pugnam
1153 2075 1372 2124 adegerunt.
1412 2072 1509 2111 Cum
1547 2072 1601 2112 ita

314 2134 584 2185 proeliarentur
614 2135 764 2184 hostes,
792 2148 833 2177 ut
862 2149 950 2176 cum
981 2138 1153 2187 equitatu
1181 2135 1271 2175 levis
1299 2144 1492 2174 armatura
1517 2135 1598 2175 Nu.

316 2195 509 2235 midarum
537 2208 802 2248 procurreret,
830 2199 973 2236 coortis
1011 2198 1150 2237 deinde
1189 2196 1425 2244 Caesarianis,
1455 2196 1600 2246 equites

317 2257 556 2308 refugerent,
583 2261 703 2310 pedes
728 2261 920 2311 exciperet
947 2270 1163 2309 certamen,
1180 2261 1305 2300 donec
1335 2259 1412 2307 illi,
1432 2259 1599 2298 resumto

318 2319 452 2368 cursu,
480 2320 617 2361 iterum
644 2323 937 2371 inveherentur,
968 2336 1086 2373 eaque
1114 2322 1309 2374 pugnandi
1339 2321 1462 2360 forma
1496 2333 1597 2361 nova

319 2383 357 2421 &
391 2382 571 2423 terribilis
606 2384 823 2425 Caesarianis
856 2385 1110 2434 objiceretur:
1142 2383 1261 2431 Caesar
1289 2383 1488 2436 negotii-¹212
1524 2380 1599 2421 suis

366 2518 389 2565 S
416 2518 477 2554 VI,
495 2517 585 2553 Plut.
609 2517 734 2551 Austor
756 2517 796 2551 de
819 2517 855 2550 B.
884 2516 990 2549 Afric.
