1685 3042
245 211 326 258 IN
373 209 540 256 [ος.
589 206 720 253 L113.
768 205 923 251 cxlx
958 206 1105 251 mv,
1288 203 1373 265 185

89 316 307 365 creverimus,
329 317 532 369 priusquam
559 313 761 365 universos,
789 310 883 349 alios
911 310 988 348 alia
1005 309 1137 361 fraude
1170 309 1378 348 circumven-

90 390 148 416 tos
175 378 373 418 deleverint.
408 379 491 417 Hoc
518 376 609 414 onim
638 385 748 427 agunt
780 372 936 410 homines
966 371 1194 424 Pompejanis
1217 372 1382 424 partibus

90 441 236 490 devoti,
263 453 302 479 ut
334 455 418 487 eos,
451 438 514 491 qui
542 437 642 491 patri
680 451 752 475 meo
793 446 975 474 navarunt
1009 448 1169 487 operam,
1211 435 1382 484 occafione

89 514 274 555 temporum
293 501 382 540 inter
396 500 436 553 [ὲ
456 498 670 551 commistos,
687 498 819 537 mutuis
845 497 1047 535 vulneribus
1072 496 1276 548 conficiant.
1297 497 1384 535 Ideo

90 578 207 617 nempe
239 564 329 602 bella
363 577 408 600 ex
445 561 548 607 hellis
575 562 760 614 seruntur,
789 561 893 597 donec
922 571 1061 604 omnes,
1099 570 1186 608 quos
1224 557 1266 593 ob
1290 557 1384 594 mili-

89 626 176 662 tiam
204 624 346 678 Caesaris
374 624 483 676 perosi
510 622 597 674 ficnt
616 651 629 670 ‚
657 623 759 660 duces
794 621 984 673 militesque
1009 619 1148 672 prorsus
1178 617 1384 658 interierint.

94 688 215 739 Neque
241 687 331 733 enirn
350 686 424 724 alio
440 685 609 737 pertinuit
622 714 634 732 .‚
655 684 749 736 quod
767 696 877 735 nuper
895 682 1037 720 duabus
1063 681 1261 733 legionibus
1284 679 1387 733 obld-

93 759 131 784 ta
180 760 243 785 unt
257 747 425 800 praemia,
459 761 562 799 quam
592 759 632 785 ut
658 761 702 785 ex
731 746 847 786 dolore
868 755 1055 783 ceterarum
1083 743 1229 781 oriretur
1257 741 1297 778 in
1322 741 1386 778 hoc

93 808 246 846 exercitu
268 809 465 861 perniciosa
489 807 660 860 distensio,
1341 804 1345 806 ’

147 870 243 910 LVI.
277 872 394 922 Quam
423 885 503 908 vero
523 871 598 921 fine
622 868 751 921 infensi
778 868 924 922 Caefizris
949 865 1102 912 amicis,
1124 862 1293 916 numquid
1307 876 1389 914 pro-

94 931 202 969 ximis
237 932 357 970 diebus
385 933 550 985 ostenfiim
587 933 662 984 est?
694 945 769 970 cum
795 932 840 969 ab
867 930 1030 970 Antonio
1062 927 1226 981 quidem,
1253 925 1322 977 fid
1334 939 1387 975 ex

86 995 246 1045 parentis
268 994 334 1032 mei
355 994 606 1032 commentariis
629 995 715 1032 data
729 1024 740 1042 ,
754 993 883 1032 cunHis
899 995 1118 1046 eriperentur.
1141 989 1249 1030 Unde
1273 988 1307 1027 δ’
1322 1001 1389 1024 vo-

93 1056 147 1093 bis
158 1054 289 1108 facilis
320 1055 383 1108 ff
407 1054 599 1107 conjefflura
617 1056 750 1108 potest,
774 1069 849 1107 quae
875 1055 984 1107 vestra
1000 1055 1051 1105 fit
1063 1053 1191 1106 futura
1218 1050 1390 1098 conditio,

94 1117 155 1169 qui
180 1130 282 1169 agros
297 1145 309 1165 ,
331 1116 391 1168 qui
411 1115 584 1169 pecunias
609 1117 789 1169 accepistis
817 1132 840 1154 a
866 1117 998 1168 Caesare
1015 1145 1026 1162 .,
1038 1115 1210 1167 siquidem
1243 1112 1281 1149 Ιιὶ
1300 1125 1390 1148 rem-

88 1180 267 1233 publicam
298 1179 526 1222 obtinebuflt:
551 1193 623 1232 quae
646 1194 728 1217 vero
756 1193 855 1226 mea,
883 1180 964 1216 dum
988 1178 1183 1230 regnabunt
1206 1177 1243 1213 in
1259 1175 1391 1228 finam

89 1241 299 1295 percuſjbres
324 1243 442 1295 patris
478 1242 554 1281 mei.
596 1244 670 1281 Sed
695 1241 781 1280 mihi
804 1238 945 1293 quidem
983 1253 1070 1278 curae
1098 1239 1186 1285 erit,
1213 1249 1253 1276 ut
1283 1251 1391 1289 neque

93 1304 174 1342 vita
201 1304 287 1342 mihi
320 1304 525 1356 incustodita
542 1305 618 1356 fit,
647 1319 754 1357 neque
778 1317 871 1342 mors
896 1303 1072 1340 indecora.
1104 1300 1213 1352 Vestri
1239 1314 1290 1337 me
1317 1301 1392 1338 mi-

86 1366 179 1419 seret
190 1397 205 1414 ‚
223 1366 348 1418 quibus
374 1380 470 1404 nemo
491 1366 718 1418 relinquetur,
746 1381 769 1405 a
795 1379 863 1418 quo
882 1364 1024 1417 speretis
1047 1376 1152 1416 opera:
1168 1391 1180 1408 ‚
1203 1361 1300 1413 patri
1328 1361 1393 1397 mi.

93 1429 197 1481 hique
224 1439 394 1476 navcuae,
417 1428 576 1479 pretium.
608 1429 708 1466 Nam
733 1442 782 1467 me
805 1427 940 1479 quidem
963 1426 1008 1464 ab
1032 1424 1219 1462 ambitione
1249 1422 1393 1474 longius

93 1489 228 1542 abeffie,
254 1504 358 1542 quam
398 1490 479 1529 huic
505 1490 598 1530 aetati
629 1490 721 1528 credi
742 1489 928 1543 potutſjet‚
963 1488 1028 1540 ipsi
1049 1484 1281 1538 comperistis,
1314 1499 1391 1522 curn

89 1552 247 1590 oblatum
267 1568 290 1590 a
310 1552 412 1590 vobis
438 1551 617 1603 imperium
635 1552 753 1590 abnui.
793 1565 886 1589 nunc
909 1550 984 1588 alia
1006 1547 1162 1587 conditio
1188 1547 1231 1599 est
1257 1558 1393 1597 tempo-

92 1626 190 1659 rum,
221 1626 328 1664 neque
360 1625 426 1663 pro
453 1611 580 1658 vohis,
619 1625 725 1663 neque
762 1612 813 1648 ad
847 1609 1017 1649 ultionem
1051 1608 1170 1662 patris
1202 1607 1392 1660 quidquam

90 1674 264 1727 profecero
281 1703 293 1722 ,
319 1675 429 1712 donec
455 1687 511 1711 ero
536 1674 713 1726 privatus.

150 1737 265 1777 LVII.
301 1739 363 1776 Ea
383 1751 433 1776 me
455 1738 563 1789 causa
588 1737 807 1789 consulatum
825 1747 937 1788 petere
958 1735 1092 1788 coegit:
1115 1745 1219 1785 atque
1241 1732 1273 1771 is
1298 1747 1393 1771 ean-

95 1801 171 1838 dem
204 1800 246 1839 ob
273 1799 414 1851 caufizm
439 1811 583 1850 negatur
608 1800 652 1837 ab
680 1799 758 1847 his,
786 1814 928 1852 quorum
954 1799 1111 1851 interest,
1135 1797 1299 1835 neminem
1328 1794 1391 1847 effe

96 1875 161 1901 aut
188 1863 372 1915 vestrarum
409 1862 603 1900 utilitatum
635 1873 915 1914 procuratorem,
958 1872 1021 1898 aut
1056 1859 1259 1912 Caesarianae
1294 1858 1391 1895 necis

98 1926 285 1965 vindicem.
312 1926 429 1978 Igitur
456 1925 647 1963 communis
670 1923 806 1977 salutis
834 1925 920 1962 milti
936 1924 1098 1977 vobisqw
1124 1933 1260 1959 tantum
1284 1934 1391 1958 unam

96 1991 262 2043 reliquam
282 1991 384 2028 video
404 1990 521 2036 viam,
540 1991 577 2040 fi
595 1991 700 2042 vestro
718 1988 846 2042 fhvore
869 1989 1086 2041 consulatum
1107 1986 1314 2039 consequar:
1328 2000 1391 2024 nec

96 2054 186 2093 enim
212 2052 337 2101 aliter,
362 2063 425 2090 aut
443 2065 516 2104 quae
541 2067 564 2089 a
582 2061 724 2102 parente
749 2065 822 2088 meo
848 2050 1052 2103 accepistis,
1079 2048 1298 2100 confirmari,
1324 2058 1390 2084 aut

97 2126 172 2164 quae
189 2126 212 2149 a
231 2126 281 2149 me
300 2111 526 2164 exspeffafis,
547 2110 696 2165 persolvi
721 2110 878 2162 quibunt.
902 2112 976 2149 Sed
998 2111 1034 2150 ξφ·
1055 2110 1105 2146 ad
1123 2108 1300 2160 publicum
1329 2107 1390 2143 bo-

98 2189 182 2213 num
196 2204 208 2221 ‚
226 2174 433 2228 quietemque
446 2175 572 2228 patria!
596 2189 647 2211 res
658 2173 817 2224 pertinet.
844 2173 1052 2224 percuffores
1071 2171 1159 2209 enim
1174 2170 1288 2222 patris
1312 2181 1388 2206 reos

95 2250 225 2290 agam:
249 2235 374 2287 quibus
395 2236 570 2287 sublatis,
604 2236 688 2280 {inis
705 2235 896 2287 aliquando
916 2234 1076 2272 civilium
1099 2232 1261 2270 bellorum
1285 2231 1361 2268 erit.

154 2297 288 2337 LVIII.
318 2297 442 2337 Alacri
484 2297 760 2337 acclamatione
789 2295 954 2334 militurn
988 2294 1071 2334 haec
1098 2300 1285 2343 excepta:
1318 2291 1387 2330 de-

97 2357 260 2407 leffique
289 2357 413 2397 statim
440 2371 489 2397 ex
514 2357 779 2409 promtiffimis
805 2365 1074 2396 veteranorum
1102 2353 1386 2406 quadringenti,

100 2417 165 2468 qui
192 2416 384 2467 legatione
414 2431 458 2458 ea
483 2419 745 2471 fungerentur.
785 2418 882 2459 Cum
913 2419 1040 2458 Patres
1079 2428 1210 2456 aetatem
1234 2412 1386 2455 Caesaris

143 2533 164 2578 ἓ
188 2534 291 2569 LVn.
318 2534 403 2569 mo.
