1685 3042
233 222 533 270 lNLOC.
586 222 1091 269 L113.CXVL1V.
1255 238 1314 286 73

40 330 123 373 Nec
137 329 264 379 aliter,
280 343 393 380 quam
409 331 655 380 cogitaverat,
671 327 828 371 factum.
851 328 1070 379 Eruperunt
1091 328 1171 377 illi,
1188 331 1223 370 Sc
1234 360 1246 378 ,
1260 331 1322 369 in-

41 393 159 432 censis
177 394 226 432 ad
251 393 396 432 flumen
421 392 553 432 Baetim
578 390 763 438 navibus,
778 403 854 442 quo
885 391 1108 430 distinerent
1131 391 1325 440 julianos,

39 455 287 505 profugiunt:
312 453 375 492 sed
403 466 423 492 a
449 453 667 503 praeparatis
698 460 787 492 ante
823 451 1014 502 equitibus
1054 453 1324 493 conciduntur.

39 517 103 558 Sic
138 515 284 565 Hispali
323 507 503 565 receptti,
535 514 660 553 versus
693 514 820 554 Astam
846 513 1045 565 proceffit,
1075 515 1177 552 unde
1210 513 1328 565 legati

41 585 242 624 venerant,
259 577 447 627 oppidum
464 576 650 616 dedentes
666 589 676 617 ε
701 578 736 616 &
751 578 793 615 in
813 577 946 615 itinere
971 576 1223 626 oppugnatis,
1242 589 1326 626 quae

41 640 282 686 resistebant,
299 640 347 678 ad
369 637 602 688 Cartejenses
624 638 849 687 contendit,
873 650 1035 688 quorum
1052 636 1167 686 legati
1181 638 1331 689 Pompe-

34 702 114 757 jum
140 703 177 741 in
195 701 265 753 fica
291 702 454 755 potestate
480 701 542 754 ff
571 701 890 741 renuntiaverant.
920 700 996 740 Sed
1021 712 1066 738 ea
1095 712 1248 750 quoque
1277 700 1329 738 ci„

43 764 137 805 vitas
160 763 374 803 discesserat
389 765 430 803 in
444 771 584 814 partes,
601 765 657 812 Sc,
677 775 717 804 re
739 764 917 815 cognita,
939 771 1058 813 portae
1074 761 1162 802 sunt
1182 775 1203 802 a
1219 762 1339 802 Pom--

45 826 194 880 pejanis
221 833 432 876 occupatae.

99 895 204 936 LIX.
222 896 400 937 Tandem
424 908 564 946 magna
585 891 755 936 excitata
778 894 988 941 seditione,
1013 894 1049 933 &
1072 892 1176 932 caede
1199 891 1305 932 edita
1320 921 1334 940 ‚

45 956 195 997 saucius
210 957 370 998 humero
387 958 592 1007 Pompeius
610 971 724 997 naves
738 958 893 1009 triginta
916 963 1079 1006 occupat
1096 954 1230 1005 longas
1244 985 1255 1002 ‚
1272 953 1337 993 iis-

40 1033 123 1070 ·que
141 1020 320 1071 profugit.
343 1019 407 1058 sed
431 1029 631 1070 premente
644 1020 724 1060 fato
739 1050 750 1069 ‚
767 1020 861 1060 dum
884 1019 1079 1069 navigium
1094 1017 1334 1065 conscendit,

48 1080 223 1122 funiculo
251 1082 410 1124 irretivit
440 1082 601 1131 pedem,
637 1085 672 1122 δε
697 1082 912 1123 accelerans
948 1081 1130 1132 quidam,
1155 1080 1335 1130 ferroque

51 1142 282 1193 abrumpere
308 1142 528 1182 funiculum
556 1143 715 1190 volens,
746 1144 928 1183 finistrum
954 1146 1038 1192 ejus
1071 1155 1157 1182 crus
1185 1142 1338 1185 incidit.

55 1206 259 1258 Comperta
294 1207 468 1257 Pompeji
499 1207 614 1257 fuga,
651 1207 698 1256 Q.
717 1207 900 1255 Didium,
933 1207 997 1256 qui
1025 1206 1196 1246 Gadibus
1233 1205 1337 1246 claffi

51 1278 208 1320 praeerat
221 1300 232 1318 ‚
244 1271 450 1318 excitavit,
464 1279 506 1309 ut
527 1270 621 1309 mari
641 1282 730 1309 eum
745 1278 918 1319 terraque
936 1267 1232 1319 persequeretur.
1258 1268 1337 1310 Sed

50 1331 287 1381 Pompejana
301 1330 420 1370 claffis
433 1361 443 1377 ,
462 1330 576 1370 nullis
600 1330 712 1369 rebus
737 1331 873 1380 paratis
891 1330 1060 1380 profecta
1073 1360 1083 1377 ‚
1106 1329 1208 1368 intra
1228 1342 1339 1379 quar-

51 1399 136 1430 tum
162 1392 267 1431 diem
291 1393 503 1442 aquationis
529 1391 659 1439 causa,
684 1393 732 1431 ad
757 1400 941 1430 montana
963 1391 1137 1441 quaedam
1163 1390 1249 1430 loca
1272 1403 1338 1441 αρε.

52 1452 201 1504 plicuit.
227 1453 281 1492 Eo
304 1452 392 1492 loco
416 1453 550 1493 Didius
575 1453 765 1500 occurrit,
783 1455 842 1499 &‚
859 1453 1018 1492 navibus
1040 1451 1266 1502 quibusdam
1281 1451 1341 1490 in-

55 1514 174 1552 censis
186 1543 198 1561 ‚
219 1513 304 1553 aliis
318 1516 438 1564 captis
452 1544 461 1561 ,
479 1513 664 1565 praeclufit
680 1514 911 1553 maritimam
932 1514 1077 1564 fugam.
1101 1513 1309 1562 pompejus
1323 1540 1336 1560 ,

57 1575 202 1616 deserta
227 1579 262 1618 δέ
285 1579 369 1617 avia
393 1588 551 1628 petens,
582 1578 781 1628 postquam
807 1577 917 1629 adeffi
936 1592 1010 1616 cum
1038 1576 1216 1615 Didianis
1248 1576 1342 1628 equi-

53 1638 149 1676 tibus
181 1641 216 1679 δ’
237 1641 434 1680 cohortibus
465 1642 673 1694 Caesennium
707 1641 890 1679 Lentonem
917 1639 1061 1686 audiit,
1084 1638 1133 1677 ad
1160 1636 1341 1678 ultimam

58 1699 162 1750 spem
191 1702 339 1740 munito
364 1701 453 1741 loco
481 1701 585 1741 haud
613 1702 748 1752 procul
772 1702 946 1741 Laurone
970 1710 1083 1751 capto
1100 1731 1111 1749 .,
1137 1708 1341 1750 repugnat,

114 1770 200 1811 LX.
232 1771 470 1821 Caesennius,
501 1773 567 1812 ubi
596 1773 635 1811 vi
671 1785 805 1823 capere
837 1772 968 1811 locum
997 1770 1102 1821 posse
1139 1770 1340 1821 desperat,

62 1833 357 1874 circummunire
375 1834 544 1876 instituit.
573 1835 675 1875 Tum
692 1846 779 1874 vero
795 1832 961 1874 Lusitani
973 1863 985 1881 ,
1000 1831 1245 1871 certissimum
1263 1832 1342 1870 exi*

61 1897 159 1934 tium
176 1895 266 1945 fuga
283 1896 398 1935 vitare
417 1897 553 1944 coacti,
576 1895 820 1935 deseruerunt
837 1896 1062 1945 Pompejum
1075 1924 1086 1938 ,
1107 1895 1192 1944 qui,
1209 1901 1344 1943 praeter

61 1965 222 2007 accepta
250 1957 407 1997 vulnera
438 1958 517 1997 talo
552 1958 670 1997 etiam
695 1959 864 2004 intorto,
891 1969 1015 2007 neque
1043 1956 1161 2006 pedes
1186 1955 1258 1994 iter
1282 1954 1343 1993 fa-

62 2034 148 2061 cere
177 2030 347 2072 poteram
373 2034 519 2071 neque,
543 2030 586 2059 ut
612 2033 713 2072 equo
738 2019 964 2060 vehiculove
987 2026 1179 2066 uteretur,
1205 2026 1341 2057 natura

63 2082 141 2120 loci
170 2081 385 2132 praecipitiis
414 2081 642 2132 aspretisque
682 2081 830 2121 horridi
866 2080 1019 2120 sinebat.
1056 2079 1207 2119 Idcirco
1221 2079 1342 2118 ”cavis

63 2144 252 2195 exerisque
274 2145 430 2195 rupibus
464 2147 500 2185 δε
521 2146 636 2185 antris
660 2145 699 2184 se
725 2142 948 2191 occultans,
975 2144 1214 2194 captivorum
1242 2143 1341 2181 indi-

65 2208 125 2246 cio
144 2207 313 2257 proditus
330 2208 404 2256 est,
429 2216 542 2257 atque
569 2207 802 2246 interfectus.
826 2206 952 2256 Caput
976 2204 1228 2244 adolescentis
1247 2217 1342 2254 prae=

64 2267 182 2306 cisum
209 2266 423 2307 Caesennius
448 2266 601 2314 retulit,
625 2267 742 2317 idque
770 2280 790 2306 a
819 2266 938 2305 Didio
961 2264 1237 2310 transmissum,
1258 2263 1341 2302 Caeq

63 2329 135 2370 sari
169 2331 370 2370 revertenti
404 2330 595 2382 Hispalim
625 2343 660 2371 a.
693 2331 730 2370 d.
757 2330 884 2381 pridie
912 2329 971 2369 id.
999 2328 1143 2380 Apriles
1175 2327 1338 2368 relatum

113 2471 134 2514 §
161 2470 283 2503 LVIII.
311 2471 392 2505 Dio.
418 2473 544 2505 Auctor
569 2473 608 2506 de
630 2473 665 2506 B.
694 2472 791 2517 Hisp.
820 2473 889 2507 Cic.
916 2473 936 2517 ξ
969 2473 1056 2505 [Ῑῗξ.
1083 2473 1165 2507 Dio.
1187 2472 1336 2517 Appiana

73 2520 201 2559 Auster
222 2521 260 2556 de
281 2523 317 2559 E.
337 2523 430 2568 Hisp.
455 2526 563 2562 Strah.
585 2526 608 2561 1.
633 2535 682 2558 11,
704 2524 791 2560 fior.
807 2536 850 2566 4,
869 2535 901 2561 22
923 2526 1048 2565 Velle}-
