1685 3042
336 204 390 267 58
457 206 552 252 JO.
593 205 1096 255 FREINSHEMII
1127 209 1510 258 SUPPLEM.

317 310 532 350 causarum.
572 312 763 352 Dimicare
792 316 825 354 ἃ
855 314 1008 355 Fulvius
1037 315 1188 356 Setinus
1225 314 1372 355 senator
1407 318 1599 360 voluerat:
1637 344 1641 349 ι

318 372 384 415 sed
411 373 531 413 Caesar
554 377 705 427 negavit
726 378 903 429 paffurum
927 379 964 416 in
979 377 1220 432 senatoribus,
1256 379 1398 428 equites
1435 380 1600 421 admisit.

312 432 561 485 Pyrrhicham
585 436 819 477 saltaverunt
840 439 926 478 Afiae
949 439 1214 490 Bithyniaeque
1237 440 1454 490 principum
1478 440 1601 482 lib'eri.

370 495 485 536 XXI.
517 498 633 538 Ludis
662 500 708 540 D.
729 499 910 540 Laberius
940 514 1053 551 eques
1080 501 1277 541 Romanus
1306 502 1467 540 mimum
1485 503 1601 543 -suum

311 557 413 608 egit,
429 572 661 611 quamquam
686 560 970 613 sexagenarius:
995 563 1098 613 quod
1118 562 1200 613 ipse
1228 562 1429 612 diligenter
1450 564 1601 604 excusa-

311 619 368 657 vit
396 621 434 658 in
458 622 620 673 prologo
638 653 648 671 ‚
678 628 831 662 coaeum
854 624 894 677 ste
923 624 1074 666 testatus
1106 621 1238 663 blanda
1265 625 1304 661 vi
1331 625 1455 671 illius,
1483 627 1539 663 cui
1559 641 1602 664 ne

309 683 382 723 Dii
405 685 539 736 quidem
567 686 635 738 ipfi
652 702 778 739 negare
797 689 989 740 quidquam
1010 687 1210 740 potuzffi’nr.
1240 688 1315 727 Sed
1339 701 1460 738 neque
1485 688 1600 727 servi-

307 742 394 783 liter
423 745 458 784 se
488 747 595 797 geffit
621 748 659 786 in
685 749 856 796 actione,
886 748 1061 799 ultusque
1087 749 1139 788 est
1161 750 1340 798 injuriam
1369 751 1480 790 dietis
1506 750 1601 790 libe-

308 806 357 846 ris
384 807 452 848 sub
472 809 594 849 aliena
616 811 790 861 persona,
814 813 970 864 Quirites
987 812 1176 851 libertatem
1193 814 1331 863 perdere
1355 812 1597 861 exclamans3

311 871 362 918 δε,
377 884 452 919 quo
477 871 584 910 versu
603 881 726 912 totum
744 875 783 912 in
801 874 836 912 se
850 873 1036 924 populum
1062 874 1287 913 convertisse
1312 875 1475 923 dicitur,
1497 877 1598 926 quasi

306 944 442 971 vocem
470 934 621 974 misisset
644 935 791 985 publici
817 936 999 985 affeetus‚
1021 935 1201 988 Necefficm
1226 937 1288 989 ff
1311 938 1439 976 multos
1461 939 1595 988 timeat,

306 1009 403 1046 quem
429 996 528 1033 multi
560 998 691 1041 timent!
732 997 998 1049 Alienavitque
1033 1011 1076 1037 ea
1112 998 1290 1038 libertate
1321 998 1530 1048 Caesazem,
1553 1009 1598 1040 ut

307 1054 486 1095 Publium
517 1059 551 1096 ei
580 1059 891 1110 mimographum
928 1069 1204 1111 anteponeret3
1234 1062 1437 1113 statimque
1463 1063 1596 1103 Publio

304 1118 478 1167 palmam
497 1152 508 1166 ‚
542 1121 703 1161 Laberio
742 1125 924 1163 annulum
956 1137 1114 1164 aureum
1155 1137 1243 1163 cum
1285 1124 1501 1175 quingentis
1544 1125 1598 1164 se-

304 1178 439 1218 stertiis
472 1180 590 1221 daret.

361 1241 492 1282 XXII.
528 1243 665 1293 Neque
684 1250 817 1288 ,tamen
843 1244 1003 1286 Laberio
1032 1245 1091 1284 vel
1117 1246 1307 1285 excusatio
1331 1246 1417 1295 sua,
1444 1247 1503 1288 vel
1527 1261 1596 1299 po.

303 1303 423 1341 tentia
454 1302 608 1348 Caesaris
631 1305 804 1354 praefidio
822 1305 897 1344 fuit
913 1336 926 1353 ,
951 1320 1027 1357 quo
1052 1308 1177 1346 minus
1199 1308 1359 1358 equestri
1385 1308 1473 1348 loco
1495 1309 1594 1348 indi-

305 1377 402 1414 gnus
418 1366 501 1415 post
524 1367 687 1406 mimum
711 1370 838 1407 aCtum
864 1368 1079 1409 haberetur.
1105 1371 1201 1409 Cum
1224 1383 1244 1410 e
1269 1372 1421 1423 vestigio
1443 1373 1480 1411 in
1502 1387 1593 1424 qua-

304 1428 518 1467 tuordecim
545 1429 678 1469 sessum
706 1431 799 1479 iret,
825 1445 891 1482 per
926 1432 1154 1472 orchestram
1172 1463 1183 1481 ,
1210 1434 1273 1484 qui
1304 1434 1520 1475 senatorum
1554 1438 1595 1476 in

304 1488 454 1529 theatro
476 1490 584 1530 locus
608 1500 708 1540 erat,
731 1493 964 1543 transeunti,
990 1494 1125 1534 Cicero
1150 1496 1201 1533 ait
1218 1527 1227 1544 ,
1245 1497 1438 1549 Reciperem
1462 1509 1515 1545 te,
1533 1499 1601 1549 nisi

303 1552 443 1603 anguste
461 1553 636 1604 sederem;
672 1552 779 1592 snnul
810 1555 844 1593 δι
884 1554 994 1593 illum
1033 1555 1234 1605 respuens,
1261 1559 1295 1595 ἃ
1328 1556 1524 1596 cavillatus
1554 1560 1595 1597 in

303 1624 506 1651 numerum
536 1613 777 1662 senatorum,
801 1628 914 1665 quem
944 1616 1064 1656 Cresar
1092 1617 1199 1668 supra
1229 1618 1387 1656 modurn
1419 1628 1590 1658 auxerat.

304 1687 378 1714 nec
400 1677 561 1715 tacitum
587 1690 607 1716 a
631 1677 791 1717 Laberio
820 1677 907 1717 tulit
922 1709 932 1726 ‚
953 1680 1093 1728 mirum,
1113 1682 1397 1733 angustesedere‚
1424 1683 1483 1734 qui
1505 1684 1595 1720 dua-

304 1738 371 1778 bus
387 1736 509 1789 sbleret
536 1739 650 1790 sedere
666 1739 781 1791 sellis.
810 1741 886 1780 Sed
914 1753 985 1780 nec
1017 1741 1064 1781 ab
1093 1742 1282 1792 equitibus
1307 1752 1482 1793 receptus
1518 1738 1592 1792 est,

303 1799 369 1850 qui
392 1801 524 1851 gemino
546 1802 703 1841 dedecore
737 1804 1022 1842 commaculatum
1049 1805 1201 1843 ordinem
1223 1805 1592 1857 interpretabantur,

304 1862 341 1901 δ’
367 1864 462 1914 quod
484 1878 585 1915 eques
615 1865 798 1905 Romanus
822 1866 859 1903 in
876 1867 1017 1917 strenam
1040 1870 1208 1905 attrablus
1231 1867 1329 1920 effer,
1356 1867 1390 1905 G·
1415 1871 1509 1921 quod
1527 1871 1591 1909 mi-

302 1927 382 1960 mus
407 1923 444 1960 in
474 1926 727 1975 quatuordecim
765 1926 929 1979 remiffics.
957 1927 1106 1966 Idcirco
1140 1929 1190 1967 ita
1215 1927 1252 1967 se
1277 1931 1590 1979 coarctaverunt,

300 1990 347 2021 ut
369 1985 537 2024 venienti
564 1999 642 2026 non
674 1986 765 2026 effet
801 1987 923 2028 locus.
956 1991 1030 2030 Sed
1071 2003 1197 2040 neque
1235 1989 1407 2040 ejusdem
1442 1993 1588 2033 ordinis

303 2044 478 2097 plerique
509 2051 777 2100 temperabant
800 2064 821 2090 a
845 2051 1055 2100 majoribus
1084 2052 1242 2103 probris.

359 2109 508 2150 XXlll.
534 2111 772 2152 Circensibus
787 2145 798 2162 ,
819 2114 940 2165 spatio
959 2115 1059 2155 Circi
1079 2116 1126 2155 ab
1144 2126 1303 2167 utraque
1323 2126 1430 2168 parte
1445 2122 1587 2170 produ-

305 2169 386 2216 e‘to,
403 2171 603 2220 quadrigas
622 2172 805 2224 bigasque
822 2176 855 2214 ἃ
879 2188 997 2225 equos
1014 2175 1240 2216 desultorios
1255 2179 1411 2228 agitavit
1428 2182 1586 2230 patricia

303 2234 495 2282 juventus.
526 2236 770 2288 ejusdemque
800 2237 1014 2278 nobilitatis
1046 2248 1169 2279 turma
1205 2240 1369 2290 duplex,
1397 2245 1586 2292 majorum

306 2297 341 2335 Sc
367 2296 558 2338 minorum
583 2311 809 2350 puerorum,
834 2301 991 2350 Trojam
1013 2300 1109 2344 lulit.
1129 2302 1360 2342 Venationes
1384 2317 1451 2354 per
1471 2307 1586 2355 quin-

347 2417 371 2462 §
397 2419 473 2451 XX.
499 2419 583 2451 Plin.
608 2433 643 2464 35
665 2448 673 2462 ‚
696 2434 745 2456 ι’..
770 2424 858 2458 Plut.
889 2425 1030 2459 Sueton.
1052 2426 1132 2460 Dio.
1165 2427 1186 2470 §
1212 2426 1303 2459 XXI.
1327 2428 1399 2459 (Tic.
1426 2428 1579 2463 cimilian

308 2472 347 2510 [2
365 2488 372 2501 ,
396 2464 444 2495 18.
466 2464 615 2497 Macrob.
640 2466 807 2501 saturnal.
831 2481 869 2510 2,
886 2480 918 2510 7.
941 2472 1052 2516 Agen.
1083 2483 1137 2513 17,
1170 2485 1218 2513 ¹4-
1247 2481 1266 2516 3
1292 2472 1400 2509 xxiii
1426 2473 1579 2509 Macroh.

305 2510 424 2539 hence.
451 2519 606 2543 controv.
629 2521 667 2552 7,
697 2522 727 2555 3.
