1685 3042
264 214 349 267 156
418 209 514 255 JO.
558 204 1065 252 FREINSHEMII
1103 200 1472 251 SUPPLEM.·

253 311 397 365 quiffimt
413 340 424 357 ,
447 311 485 350 ᾧ,
500 322 563 349 aut
584 311 634 348 ad
651 310 809 368 consules
824 338 838 356 ,
859 319 922 348 auc
950 309 1000 347 ad
1025 308 1213 361 Caesarem,
1233 317 1297 344 aut
1315 306 1367 343 ad
1383 307 1543 344 'Brutum

253 373 417 425 adjffimt.
719 395 722 397 Α

310 445 453 485 XVIII.
477 444 706 486 Consulibus
727 442 947 496 permissum
963 472 974 490 ,
1002 453 1040 479 ut
1053 438 1293 493 rempublicam
1312 437 1546 490 defenderent,-

253 507 496 561 viderentque,
520 523 560 546 ne
584 509 672 561 quid
693 522 732 547 ea
754 506 945 544 detrimenti
977 504 1157 555 acciperet.
1184 501 1231 541 In
1257 500 1339 540 haec
1367 498 1455 549 quia
1479 498 1544 536 ‘in-

255 569 360 621 genti
388 570 549 621 pecunia
585 577 667 608 erat
694 580 818 618 opus,
853 560 1008 618 quintam
1042 565 1078 603 6»
1103 564 1295 614 vicefimam
1323 560 1543 613 fizcultatum

253 634 404 671 omnium
434 632 581 685 conferri
607 630 804 680 jusserunt.
833 628 922 669 Hoc
953 635 1130 676 tempore
1164 623 1358 675 praecipua
1390 622 1546 662 Cicero-

252 695 312 733 nis
353 706 469 745 opera
507 694 600 743 fuit,
637 681 869 743 quotidianis
905 689 1026 728 ferme
1061 686 1317 726 concionibus
1353 683 1545 735 populum

255 755 460 795 hortantis.
491 755 582 794 hinc
614 758 649 795 δι
673 766 865 794 armorum
899 763 1039 802 magna
1066 749 1122 788 vis
1149 748 1315 799 gratuito
1346 747 1546 785 fabrorum

252 817 408 867 labore,
434 820 470 859 δε
494 817 848 858 variis-nominibus
869 814 1042 866 pecuniae
1060 810 1244 851 coliestae.
1272 808 1431 849 Antonii
1448 821 1544 858 prae-

252 882 382 921 sertim
412 883 569 932 amicis,
595 882 753 920 auctore
782 878 946 926 eodem,
974 873 1154 926 impensae
1189 884 1319 924 graves
1349 871 1546 920 injuncffae.

257 957 348 993 quas
386 943 441 983 illi
472 943 562 983 sane
597 941 829 982 sustinebant
853 939 1045 986 alacriter,
1087 947 1270 988 tanquam
1303 948 1343 974 re
1371 934 1450 985 ipsa
1474 934 1546 972 cri-

255 1008 486 1047 minationes
515 1006 745 1046 refellerent.
788 1005 913 1045 Etiam
941 1001 1150 1052 municipia
1183 999 1303 1041 Italiae
1337 1011 1430 1049 opes
1459 997 1544 1036 suas

256 1068 535 1116 conferebant,
576 1066 812 1118 principibus
850 1065 1022 1116 pecuniae
1059 1062 1291 1116 pollicendae
1329 1059 1548 1107 Firmanis,

254 1130 394 1181 quibus
423 1130 473 1170 ob
505 1143 591 1170 eam
624 1143 702 1168 rem
733 1131 826 1168 aetat
855 1137 962 1166 erant
997 1128 1045 1166 ab
1071 1126 1202 1165 senatu
1232 1123 1384 1175 gratiae:
1411 1133 1546 1172 quem-

255 1194 470 1233 admodum
501 1196 537 1234 &
578 1192 832 1239 Marrucinis,
859 1191 925 1241 qui
957 1190 1150 1244 ignominia
1170 1188 1356 1226 'notandos
1383 1183 1547 1223 censue-

257 1264 361 1304 rant,
392 1267 560 1308 quotquot
591 1255 755 1293 militiam
775 1252 1086 1305 subteffugffnt5
1117 1251 1153 1290 &
1179 1250 1220 1290 L.
1244 1247 1401 1289 Nafidio
1422 1245 1545 1296 equiti

257 1317 464 1363 Romano,
503 1318 613 1366 cujus
648 1315 804 1355 hortatu
838 1327 918 1353 non
953 1312 1093 1352 milites
1127 1313 1246 1351 modo
1276 1310 1367 1350 fac‘ti
1403 1308 1550 1358 vicini,

258 1378 326 1419 sed
351 1381 467 1419 etiam
502 1378 753 1419 facultatibus
785 1376 968 1416 sublevati
991 1376 1155 1415 fuerant.

327 1448 440 1488 XIX.
473 1448 642 1488 Patavini
681 1458 861 1498 quoque,
897 1443 1047 1493 rejed'tis
1074 1441 1322 1493 Antonianis,
1358 1440 1550 1491 pecunia,

261 1507 476 1555 militibus,
495 1507 673 1558 &‚quod
700 1505 870 1544 maxime
896 1506 1051 1549 deerat,
1074 1504 1188 1541 armis
1213 1499 1388 1542 consules
1413 1503 1448 1540 ἅ
1473 1499 1554 1539 Cae-

261 1571 381 1610 sarem
410 1572 617 1620 juverunt:
645 1569 862 1618 horumque
885 1566 1054 1606 studium
1084 1564 1150 1604 alii
1167 1563 1459 1614 Transpadani,
1486 1560 1553 1612 qui

260 1637 365 1687 prius
396 1638 562 1676 Antonio
589 1635 718 1674 favere
742 1632 997 1684 putabantur,
1021 1629 1159 1668 imitati
1190 1627 1288 1669 sunt.
1310 1628 1385 1668 Sed
1405 1640 1450 1666 eo
1469 1639 1554 1677 per-

262 1706 425 1737 ventum
461 1707 566 1745 erat,
594 1709 637 1736 ut
659 1697 819 1744 urbem,
847 1696 925 1744 jam
950 1694 1042 1733 inde
1068 1705 1090 1731 a
1116 1690 1316 1742 triumpho
1341 1689 1444 1730 Pauli
1465 1689 1553 1730 Ma-

264 1763 454 1802 cedonico
482 1764 695 1802 immunem
719 1775 739 1801 a
769 1759 947 1806 tributis,
978 1756 1104 1796 subire
1123 1754 1320 1794 insolitum
1350 1764 1552 1802 onus‚pe-

263 1827 417 1864 cuniam
446 1825 560 1874 dare,
582 1824 846 1870 contribuere,
864 1821 1007 1861 solvere
1023 1827 1231 1870 oporteret.
1256 1819 1356 1857 Nam
1381 1818 1414 1856 ἃ
1432 1815 1554 1855 Muti-

264 1886 385 1925 nensis
400 1887 538 1926 Brutus
561 1886 674 1925 valde
691 1884 893 1935 urgebatur
913 1884 1069 1933 inopia:
1098 1883 1132 1922 ἃ
1151 1881 1303 1922 Marcus
1325 1892 1403 1918 non
1429 1879 1549 1918 abun-

263 1947 392 1986 dabat.
416 1950 452 1987 &
466 1948 513 1986 ad
529 1960 664 1985 vocem
686 1946 816 1985 tributi
833 1944 1006 1995 quotidie
1021 1941 1329 1982 obdurescebant
1351 1940 1550 1988 homines,

268 2022 351 2058 quae
370 2008 478 2060 supra
497 2021 618 2048 annos
643 2018 797 2046 centum
825 2006 958 2056 viginti
987 2006 1050 2043 vix
1076 2004 1208 2043 audita
1230 2004 1271 2041 in
1300 2002 1392 2041 urbe
1415 2001 1553 2042 fuerat.

265 2073 313 2114 Et
341 2082 471 2111 renato
497 2074 536 2111 in
563 2072 684 2112 Africa
707 2070 809 2110 bello
827 2100 836 2118 ,
865 2071 982 2109 etiam
1013 2071 1062 2118 Q.
1087 2067 1313 2108 Cornificius
1341 2066 1549 2117 pecuniam

268 2137 435 2188 petebat.
468 2137 585 2187 Igitur
617 2138 651 2176 ἃ·
688 2134 877 2174 senatores
908 2135 947 2173 in
983 2132 1144 2185 singulas
1183 2131 1328 2183 tegulas
1358 2131 1431 2169 five
1462 2143 1554 2180 pro-

264 2201 431 2251 priarum
460 2200 623 2248 aedium,
652 2199 724 2238 five
745 2189 1050 2245 concinnatum,
1081 2204 1285 2246 quaternos
1317 2191 1453 2231 obolos
1483 2203 1553 2241 pe-

266 2263 498 2313 penderunt.
552 2262 724 2303 Maxima
768 2263 873 2300 enim
916 2269 995 2299 erat
1039 2259 1088 2298 rei
1125 2257 1346 2297 nummariae
1386 2251 1553 2294 difficul-

268 2334 324 2366 tas
361 2326 546 2378 pubHce,
585 2334 626 2365 ut
662 2327 780 2364 etiam
818 2337 966 2364 annuos
1008 2320 1246 2374 praetermitti
1286 2319 1398 2359 ludos
1431 2329 1554 2368 opor-

314 2466 334 2506 ξ
360 2465 467 2496 XVII.
494 2464 572 2496 Dio.
596 2463 718 2505 Vellei.
741 2473 782 2503 τ,
805 2466 859 2497 (15.
889 2463 1034 2502 Appiam
1061 2462 1132 2492 Cic.
1156 2460 1239 2493 Phil.
1267 2470 1280 2497 5
1298 2485 1305 2496 ,
1327 2469 1363 2490 ¹2
1386 2457 1418 2490 ἃ
1437 2458 1455 2490 S
1473 2467 1557 2499 ,¹1-

267 2516 289 2561 f)
315 2517 441 2553 xvlu.
464 2518 543 2551 Dio.
567 2518 711 2562 Appiam.
740 2517 814 2551 cic.
836 2516 989 2549 familiar.
1015 2525 1072 2557 11,
1095 2526 1129 2555 ¹4
1146 2538 1155 2554 ,
1176 2512 1209 2545 8<
1231 2512 1318 2545 Phil.
1343 2521 1361 2552 7
1377 2537 1387 2552 ‚
1405 2511 1437 2543 S.
