1685 3042
296 217 378 264 IN
426 214 594 263 LOC.
639 214 782 261 LIB.
835 213 976 261 CXX
1023 217 1171 264 LIV.
1299 228 1399 281 225¹·

104 323 292 364 obtinens.
321 325 443 374 Atque
468 324 499 361 is
523 322 609 361 sane
635 333 751 371 quam
771 320 916 360 bonam
943 334 1101 371 operam
1126 322 1184 364 his
1211 326 1394 378 tempori.

107 385 180 425 bus
207 386 377 436 praestitit
407 384 592 424 Romanae
624 382 832 422 nobilitati.

174 454 313 495 XCIV.
359 453 514 502 Quippe
554 450 669 491 Italiae
699 450 884 499 afficiens,
922 452 1055 492 Romae
1082 457 1118 494 &
1153 469 1220 506 per
1252 465 1398 499 ceteras

106 515 283 555 civitates
323 511 576 563 proponenda
620 512 777 551 curabat
812 512 948 563 scripta
970 543 982 562 ,
1017 515 1222 568 Pompejum
1259 522 1403 571 duplum

105 577 183 630 ejus
223 575 413 622 mercedis,
452 587 527 625 quae
559 574 597 611 in
630 573 841 626 proscriptos
879 574 957 627 fft
998 577 1206 629 constituta,
1241 581 1405 619 daturum

99 637 351 692 servatoribus.
387 649 445 674 eos
470 649 595 686 porro,
621 637 679 689 qui
707 638 756 674 ad
779 637 819 689 se
839 636 1091 690 confitgffnt,
1117 641 1277 690 auxilio,
1297 655 1403 693 pecu..

108 693 237 752 niaque
262 700 297 737 6»
321 698 511 736 honoribus
541 696 756 749 adjuturum.
785 698 920 737 Lembi
946 700 1063 738 etiam
1093 702 1175 750 ejus
1199 714 1243 740 ac
1266 716 1398 743 onera.

107 762 174 799 riae
194 773 307 799 naves
320 791 331 809 ‚
353 761 523 808 itemque
545 759 715 798 triremes
729 759 959 800 oberrabant
975 763 1116 801 circum
1135 763 1252 803 Italiae
1267 764 1404 815 litora;

111 833 194 871 quae
223 821 368 870 signum
393 821 529 859 darent
548 819 782 868 latentibus,
805 821 1049 871 exciperent,
1075 823 1404 876 defenderentque

109 881 318 920 venientes.
347 881 427 931 ipse
449 880 680 921 transveeros
697 881 914 931 excipiebat
929 882 1078 930 obvius,
1096 884 1258 934 vestem,
1280 886 1410 938 supel.

109 943 302 990 lectilem,
321 945 356 982 ἃ
375 951 499 981 cetera
523 942 728 981 liberaliter
746 942 1042 994 suppeditabat3
1068 946 1252 987 idoneum
1276 964 1404 1000 quem-

110 1017 187 1055 que
205 1004 434 1054 praeficiebat
459 1004 675 1054 legionibus
690 1034 702 1051 ,
715 1004 942 1045 cohortibus
957 1036 967 1054 ,
984 1007 1157 1048 navibus
1187 1010 1250 1049 sed
1275 1025 1402 1063 neque

109 1067 285 1112 prodidit
306 1071 371 1097 eos
385 1067 508 1108 postea
525 1097 534 1105 ,
553 1066 660 1104 nullo
684 1079 771 1105 curn
786 1067 1014 1108 Tribufviris
1029 1070 1125 1108 inito
1145 1072 1312 1120 foedere,
1328 1089 1406 1122 quo

115 1121 418 1173 proscriptorum
449 1119 546 1159 salus
581 1133 663 1159 non
704 1123 978 1163 contineretur.
1019 1126 1155 1176 Neque
1184 1129 1288 1179 piget
1322 1134 1410 1171 insi,

114 1182 257 1233 gniora
276 1182 450 1231 quaedam
492 1181 670 1230 exempla
706 1194 874 1231 ponere,
900 1196 975 1233 quo
1003 1186 1102 1225 inter
1130 1187 1212 1228 haec
1239 1200 1315 1230 tam
1344 1194 1410 1232 tri-

115 1242 182 1282 stia
213 1241 389 1280 laetorum
422 1253 574 1291 quoque
616 1240 771 1280 casuum
808 1244 996 1292 permixta
1035 1252 1409 1293 commemoratione

116 1302 269 1343 leetoris
299 1303 450 1342 animus
473 1303 764 1352 redintegretur.
798 1305 944 1344 Hirtius
970 1318 1059 1345 cum
1082 1308 1188 1348 fideli
1215 1311 1411 1356 servorum

116 1377 235 1404 manu
264 1363 492 1403 circumibat
512 1376 580 1413 per
605 1377 715 1414 agros
746 1365 930 1415 ergastula
953 1366 1128 1418 solvens,
1158 1372 1194 1409 ἃ
1219 1372 1408 1423 colligens

116 1424 335 1475 fugientes:
365 1435 454 1462 cum
485 1422 545 1462 his
578 1423 703 1474 primo
725 1424 832 1464 villas
863 1434 977 1476 atque
1005 1429 1111 1468 vicos
1139 1432 1412 1481 expugnabat,

116 1499 212 1526 mox
240 1487 386 1535 majora
410 1486 578 1537 oppida,
602 1487 817 1536 postremo,
846 1488 1082 1529 Bruttiorum
1117 1502 1232 1541 gente
1260 1495 1413 1536 redacta

117 1549 159 1588 in
182 1549 429 1599 potestatem,
462 1547 563 1587 bello
587 1548 777 1598 petendus
802 1549 889 1590 fuit.
924 1551 1028 1592 Tum
1058 1553 1215 1594 demum
1233 1556 1281 1595 ad
1300 1557 1413 1598 Pom-

120 1612 256 1662 pejum
294 1610 493 1660 transjecit
518 1622 606 1649 cum
640 1609 727 1650 suis.

176 1682 296 1723 XCV.
328 1683 375 1721 At
404 1682 556 1722 Sentius
590 1682 813 1722 Saturninus
845 1682 1017 1731 Vetulio,
1053 1696 1141 1724 cum
1173 1687 1311 1727 virtute
1335 1689 1418 1728 ani-

120 1745 178 1785 mi
222 1743 471 1783 calliditatem
515 1743 742 1793 conjunxit:
770 1745 1002 1795 arreptisque
1044 1747 1228 1797 praetoriis
1261 1749 1417 1801 infigni-

123 1807 220 1854 bus,
246 1818 337 1845 cum
373 1805 488 1846 servis
513 1805 554 1844 in
588 1805 793 1852 liciorum,
824 1808 1110 1858 apparitorum,
1145 1809 1418 1863 servorumque

123 1867 372 1920 publicorum
408 1866 587 1906 habitum
632 1867 851 1917 compositis
884 1869 979 1908 exiit
1013 1879 1149 1919 porta3
1191 1872 1418 1913 conscenso-

125 1942 201 1980 que
229 1927 408 1969 vehiculo
435 1927 621 1978 publico,
640 1940 813 1980 pr‘aetorem
830 1931 871 1982 se
901 1930 1049 1976 ferens,
1076 1932 1112 1970 6·
1135 1934 1184 1970 ad
1211 1934 1414 1987 Pompejum

124 1994 167 2031 de
191 2006 277 2043 pace
311 1992 429 2037 mitti,
468 1991 685 2029 deducente
725 1989 858 2038 Italia,
888 2003 976 2031 cum
1011 1992 1191 2032 Puteolos
1230 1996 1418 2047 veniffet,

127 2052 232 2103 quasi
255 2051 413 2103 publico
453 2065 613 2091 munere
646 2052 894 2103 fungeretur,
921 2053 1071 2095 summa
1098 2055 1300 2096 securitate
1335 2071 1418 2098 cora

126 2115 243 2164 reptis
278 2113 446 2164 publicis
473 2114 716 2162 triremibus,
733 2115 772 2153 in
797 2115 966 2156 Siciliam
996 2117 1191 2167 profecrus
1217 2120 1278 2158 est.
1310 2122 1420 2171 Apuss

127 2162 228 2226 sejus
256 2177 292 2215 &
324 2177 505 2215 Aruntius
534 2178 779 2216 centuriones
812 2179 987 2227 mentiti,
1007 2191 1096 2219 cum
1128 2181 1243 2222 servis
1276 2183 1422 2223 milita·

126 2238 217 2278 riter
241 2238 461 2287 adornatis,
489 2238 598 2277 cursu
628 2238 666 2277 se
691 2239 908 2281 extulerunt
946 2253 1078 2292 porta,
1106 2252 1289 2294 tanquam
1319 2245 1416 2284 alios

129 2299 474 2350 prosequerentur,
511 2301 653 2341 deinde
685 2304 854 2352 coactis,
877 2303 974 2343 ficut
1002 2304 1051 2343 de
1079 2305 1206 2345 Hirtio
1233 2306 1419 2356 diximus,

185 2434 209 2477 5
232 2434 357 2467 XCIII.
379 2435 459 2467 Dio.
484 2435 630 2479 Appian.
648 2435 753 2470 Corn.
777 2436 863 2481 Nep.
879 2437 913 2471 in
927 2438 1034 2475 Attic„
1059 2439 1080 2484 ξ
1099 2439 1224 2472 XCIV.
1249 2439 1330 2473 Dio.
1346 2439 1418 2484 Ap-

134 2488 229 2534 pian-

201 2552 254 2598 T.
283 2554 376 2599 Liv.
403 2557 501 2600 Vol.
536 2554 629 2601 XI,
685 2611 695 2620 „
1190 2554 1223 2596 Ρ
