1685 3042
269 199 348 245 IN
386 197 558 244 Loc,
610 197 740 245 ΜΒ.
789 199 934 246 cxm
986 203 1129 250 mv.
1274 214 1329 264 ις

47 304 190 357 reliquis
216 303 388 351 tribunis,
404 303 462 354 qui
487 303 596 340 neutri
606 304 762 354 partium
780 305 819 356 se
840 305 1120 356 conjunxerant,
1147 308 1331 361 rempubli-v

47 380 124 405 cam
159 364 360 416 defenderet.
401 375 527 413 neque
570 362 735 403 multum
765 377 811 404 eo
837 365 996 405 consilio
1033 370 1248 418 profectum
1277 369 1330 408 ad

49 427 218 477 quietem
248 433 355 464 erat:
383 437 471 462 cum
500 423 622 463 nihilo
646 424 795 475 sequius
824 427 901 465 duo
930 427 1101 477 tribuni,
1123 429 1205 469 suas
1227 430 1332 480 quis-z

48 501 123 537 que
153 488 247 526 vires
278 486 454 539 augendo
471 516 481 534 ,
507 488 543 525 ὃς
571 487 667 525 inter
694 486 790 535 sese,
829 490 864 528 ἃ
892 502 980 528 cum
1013 491 1181 529 Antonio
1212 491 1332 530 Patri-

48 549 193 599 busque
214 548 475 586 decertarent:
493 549 661 587 maxime
677 579 687 596 ‚
703 549 902 598 postquam
925 552 1135 597 Antonius,
1154 552 1333 591 seditiose

50 622 163 660 agere
185 609 327 648 milites
348 609 530 657 audiens,
551 610 634 660 qui,
664 610 838 660 praemiffi
861 625 881 651 a
908 612 1052 652 Caesare
1082 614 1163 663 post
1184 614 1335 654 Pharsa-

45 669 162 709 licam
190 683 388 720 pugnam,
421 666 536 709 duce&
564 669 650 709 suos
689 670 835 710 Sullam
864 681 980 723 atque
1003 673 1215 714 Meffallam
1244 688 1335 714 exe-

48 741 205 783 gerant,
239 733 290 772 ad
332 732 417 771 illos
454 734 693 782 excucurrit,
724 747 826 774 novo
865 736 1044 787 exemplo
1078 738 1118 778 L.
1149 738 1335 779 Caesarem

46 795 280 835 avunculum
305 796 407 835 urbis
434 796 656 846 praefectum
683 796 903 846 declarans,
934 799 1084 849 qualem
1107 801 1335 851 potestatem

49 856 179 897 nullus
209 870 376 908 unquam
400 858 573 909 magister
600 859 772 908 equitum
798 858 995 899 habuerat.
1080 914 1081 917 Ἴ

103 919 292 960 XXXVI.
324 921 427 960 Tum
459 933 572 969 vero,
609 929 803 960 contemta
843 921 1036 962 senet-”tute
1074 923 1114 963 L.
1153 924 1333 975 Caesaris,

46 981 211 1018 atrocius
234 981 330 1019 inter
353 981 389 1019 se
412 980 551 1020 collis-<e
577 982 785 1031 factiones,
810 986 977 1033 majore,
1003 999 1118 1036 quam
1138 1000 1336 1038 unquam,

46 1039 215 1080 tumultu
242 1049 355 1091 atque
385 1041 567 1092 sanguine
594 1053 879 1084 concurrerunt.
916 1048 990 1087 Sed
1018 1049 1147 1088 audita
1179 1048 1221 1088 C.
1248 1049 1334 1088 Cae-

45 1101 135 1140 saris
151 1102 306 1140 νίέὶοῐίᾶ
321 1132 330 1149 ,
349 1103 412 1151 qui
427 1133 437 1149 ⁷
463 1105 657 1156 compositis
674 1108 834 1159 AEgypti
858 1110 957 1146 rebus
969 1140 980 1158 ,
996 1109 1112 1148 venire
1134 1114 1171 1149 in
1187 1114 1335 1151 Italiam

43 1165 317 1214 nuntiabatur,
335 1165 525 1216 paulisper
546 1169 740 1207 continuit
762 1169 967 1210 hominum
995 1173 1194 1214 audaciam
1220 1189 1228 1214 ς
1257 1177 1335 1215 do-

46 1237 119 1264 nec
146 1224 359 1264 decedente
387 1234 515 1275 metu,
542 1240 630 1267 cum
659 1229 834 1270 adversus
871 1231 1104 1274 Pharnacem
1141 1238 1337 1285 piofectus

47 1288 168 1328 Caelar
191 1287 282 1327 esset
298 1289 506 1339 ‚pristinus
543 1291 651 1329 furor
686 1293 811 1332 rediit.
854 1293 958 1334 Inter
997 1295 1078 1336 haec
1116 1299 1191 1337 Ant
1194 1300 1304 1337 onio·

45 1361 267 1393 neutrarum
303 1355 501 1403 partium.
509 1353 673 1393 studium
701 1356 929 1406 praeferens,
960 1343 1196 1400 Trebellium
1233 1362 1288 1399 cic·
1273 1376 1335 1401 m

45 1413 227 1463 fovebat,
254 1409 564 1465 potestatemque
586 1416 756 1456 faciebat
786 1418 1019 1458 conciliandi
1045 1420 1336 1472 assumendique

48 1475 189 1515 militis.
215 1475 276 1515 Sic
301 1484 482 1526 tanquam
509 1490 530 1516 e
553 1477 706 1517 duobus
735 1478 859 1530 castris
887 1479 1079 1520 debitores
1111 1484 1338 1522 creditores-

47 1549 122 1585 que
144 1536 192 1575 ad
217 1549 387 1587 pugnam
414 1537 623 1588 prodibant
650 1551 671 1578 e
693 1538 785 1578 locis
807 1540 908 1580 urbis
941 1542 1221 1593 munitissimis,
1252 1558 1336 1595 quae

45 1596 232 1647 praesidiis
259 1607 465 1647 ceperant:
497 1599 693 1650 caedesque
719 1603 754 1640 ἃ
784 1602 964 1641 incendia
992 1604 1263 1653 patrabantur,
1287 1619 1335 1645 eo

47 1668 191 1699 terrore
217 1662 251 1700 Sc
269 1661 437 1700 tumultu
452 1692 463 1710 ,
485 1672 527 1701 ut
550 1662 756 1714 aliquando
784 1665 885 1705 sacra
906 1666 1023 1706 Vestae
1047 1680 1095 1706 ex
1116 1667 1217 1708 illius
1245 1670 1338 1714 aedi·⁴

50 1721 121 1761 bus
150 1734 170 1760 a
199 1723 408 1773 virginibus
439 1723 678 1764 efferrentur.

106 1782 322 1823 XXXVII:
346 1784 469 1833 Igitur
507 1785 581 1824 alio
610 1785 937 1827 senatusconsulto
967 1791 1146 1830 mandata
1174 1793 1226 1832 est
1258 1794 1336 1834 Aue

47 1847 158 1884 tonio
200 1846 424 1898 diligentior
464 1849 565 1888 urbis
587 1840 718 1898 Ncura,⁴
756 1853 958 1902 majorque
993 1854 1159 1894 militum
1199 1869 1336 1896 manus

44 1907 277 1948 introducta.
320 1909 396 1949 Sed
431 1909 656 1958 Dolabella,
690 1912 892 1963 desperans
930 1916 1081 1955 veniam
1114 1930 1133 1956 a
1168 1917 1335 1964 Caesare,

46 1966 124 2007 hoc
139 1970 275 2019 agebat
290 2002 301 2017 ,
322 1979 388 2018 ut,
404 1971 505 2010 claro
531 1971 658 2023 aliquo
679 1974 851 2013 facinore
868 1975 971 2015 edito
986 2006 998 2022 ‚
1014 1977 1162 2027 periret.
1183 1979 1333 2019 Idcirco

48 2031 111 2070 die
129 2033 252 2081 dista,
280 2047 352 2084 qua
376 2036 417 2072 de
441 2035 573 2073 tabulis
599 2050 660 2074 νισι
664 2037 724 2085 is,
753 2038 788 2076 6»
807 2040 952 2076 mercede
974 2040 1058 2076 lzahi
1050 2052 1113 2079 ’.η
1114 2041 1229 2079 ionum
1254 2044 1336 2080 abo-

46 2094 149 2132 lenda
173 2095 288 2149 (nam
313 2099 347 2136 Sc
370 2096 446 2136 hoc
473 2106 589 2149 caput
612 2099 982 2151 comprehenderat)
1005 2105 1206 2155 ρενῖιιιινιις
1230 2105 1280 2158 leg,²
1266 2120 1336 2144 crem

48 2155 150 2207 effit,
166 2170 315 2209 paratos
334 2158 396 2210 ff.»
411 2160 460 2197 ul
486 2161 700 2212 rogationem
722 2163 913 2214 acczpoend
915 2178 961 2200 zm
978 2166 1068 2217 filos
1095 2166 1210 2215 juffit
1235 2167 1335 2206 Cum

48 2216 206 2256 venisset
227 2227 397 2269 tempus,
426 2222 486 2268 δε,
503 2230 692 2271 occupato
722 2224 899 2274 utrinque
925 2223 998 2264 fori
1026 2227 1155 2276 aditu,
1183 2228 1235 2279 Ιίζ,Ι
1226 2227 1334 2267 neis-

49 2291 122 2328 que
146 2280 312 2319 turribus
337 2294 403 2331 per
423 2291 638 2332 opportuna
657 2283 742 2324 loca
766 2286 901 2325 eredis
926 2286 973 2325 ad
994 2300 1171 2338 propugn
1175 2259 1333 2335 amodum„

49 2352 189 2391 magna
217 2342 426 2383 multitudo
456 2345 716 2395 confluxiffet3
747 2348 935 2387 Antonius
971 2349 1093 2398 prima
1123 2350 1207 2389 luce
1235 2350 1335 2389 vali-

52 2400 141 2442 dam
167 2416 188 2442 e
229 2404 423 2456 Capitolio
457 2405 620 2448 deduxit
657 2421 839 2458 manum,
868 2410 1148 2462 interfectisque
1174 2425 1193 2451 e
1220 2411 1332 2462 plebe

97 2518 121 2562 5
145 2518 286 2557 XXXV.
318 2521 394 2556 Liv.
420 2523 511 2569 Epit.
535 2525 617 2561 Dio.
646 2525 718 2560 Cic.
741 2525 778 2559 ad
806 2525 910 2562 Attic.
930 2537 964 2561 υ
980 2554 989 2571 ,
1013 2537 1069 2569 25.
