<?xml version="1.0" encoding="UTF-8"?>
<!DOCTYPE html PUBLIC "-//W3C//DTD XHTML 1.0 Transitional//EN"
    "http://www.w3.org/TR/xhtml1/DTD/xhtml1-transitional.dtd">
<html xmlns="http://www.w3.org/1999/xhtml" xml:lang="en" lang="en">
 <head>
  <title>
</title>
<meta http-equiv="Content-Type" content="text/html;charset=utf-8" />
  <meta name='ocr-system' content='tesseract 3.04.00' />
  <meta name='ocr-capabilities' content='ocr_page ocr_carea ocr_par ocr_line ocrx_word'/>
</head>
<body>
  <div class='ocr_page' id='page_1' title='image "./historiarumlibri11livyuoft_0263.png"; bbox 0 0 1685 3042; ppageno 0'>
   <div class='ocr_carea' id='block_1_1' title="bbox 237 215 1326 284">
    <p class='ocr_par' dir='ltr' id='par_1_1' title="bbox 237 215 1326 284">
     <span class='ocr_line' id='line_1_1' title="bbox 237 215 1326 284; baseline 0.007 -23"><span class='ocrx_word' id='word_1_1' title='bbox 237 215 316 261; x_wconf 69' lang='lat' dir='ltr'>{N</span> <span class='ocrx_word' id='word_1_2' title='bbox 367 215 536 262; x_wconf 66' lang='grc' dir='ltr'>[οε.</span> <span class='ocrx_word' id='word_1_3' title='bbox 582 215 719 260; x_wconf 81' lang='lat' dir='ltr'>LIB.</span> <span class='ocrx_word' id='word_1_4' title='bbox 768 217 942 263; x_wconf 74' lang='lat' dir='ltr'>cxxii</span> <span class='ocrx_word' id='word_1_5' title='bbox 996 219 1131 267; x_wconf 76' lang='lat' dir='ltr'>mv.</span> <span class='ocrx_word' id='word_1_6' title='bbox 1235 237 1326 284; x_wconf 73' lang='lat'>255</span> 
     </span>
    </p>
   </div>
   <div class='ocr_carea' id='block_1_2' title="bbox 37 317 1336 2478">
    <p class='ocr_par' dir='ltr' id='par_1_2' title="bbox 42 317 1327 542">
     <span class='ocr_line' id='line_1_2' title="bbox 44 317 1327 367; baseline 0.007 -10"><span class='ocrx_word' id='word_1_7' title='bbox 44 318 110 366; x_wconf 73' lang='lat' dir='ltr'>fis,</span> <span class='ocrx_word' id='word_1_8' title='bbox 135 317 263 357; x_wconf 86' lang='lat' dir='ltr'>subito</span> <span class='ocrx_word' id='word_1_9' title='bbox 295 317 539 357; x_wconf 80' lang='lat' dir='ltr'>fabricabant</span> <span class='ocrx_word' id='word_1_10' title='bbox 570 331 687 357; x_wconf 87' lang='lat' dir='ltr'>novas</span> <span class='ocrx_word' id='word_1_11' title='bbox 710 331 719 357; x_wconf 93' lang='lat'>:</span> <span class='ocrx_word' id='word_1_12' title='bbox 753 320 839 366; x_wconf 77' lang='lat' dir='ltr'>alii,</span> <span class='ocrx_word' id='word_1_13' title='bbox 864 331 1048 363; x_wconf 79' lang='lat' dir='ltr'>antennas</span> <span class='ocrx_word' id='word_1_14' title='bbox 1076 326 1327 367; x_wconf 75' lang='lat' dir='ltr'>admoventes</span> 
     </span>
     <span class='ocr_line' id='line_1_3' title="bbox 44 379 1326 430; baseline 0.009 -13"><span class='ocrx_word' id='word_1_15' title='bbox 44 380 267 426; x_wconf 81' lang='lat' dir='ltr'>moenibus,</span> <span class='ocrx_word' id='word_1_16' title='bbox 290 393 356 430; x_wconf 88' lang='lat' dir='ltr'>per</span> <span class='ocrx_word' id='word_1_17' title='bbox 378 393 440 419; x_wconf 89' lang='lat' dir='ltr'>eas</span> <span class='ocrx_word' id='word_1_18' title='bbox 467 379 746 429; x_wconf 85' lang='lat' dir='ltr'>subrepebant:</span> <span class='ocrx_word' id='word_1_19' title='bbox 784 383 983 429; x_wconf 81' lang='lat' dir='ltr'>nonnulli,</span> <span class='ocrx_word' id='word_1_20' title='bbox 1014 399 1134 426; x_wconf 89' lang='lat' dir='ltr'>uncos</span> <span class='ocrx_word' id='word_1_21' title='bbox 1167 390 1326 428; x_wconf 77' lang='lat' dir='ltr'>restibus</span> 
     </span>
     <span class='ocr_line' id='line_1_4' title="bbox 42 439 1327 495; baseline 0.009 -18"><span class='ocrx_word' id='word_1_22' title='bbox 42 440 278 488; x_wconf 84' lang='lat' dir='ltr'>ejaculantes</span> <span class='ocrx_word' id='word_1_23' title='bbox 306 441 346 480; x_wconf 90' lang='lat' dir='ltr'>in</span> <span class='ocrx_word' id='word_1_24' title='bbox 374 452 551 488; x_wconf 85' lang='lat' dir='ltr'>murum,</span> <span class='ocrx_word' id='word_1_25' title='bbox 576 439 642 478; x_wconf 87' lang='lat' dir='ltr'>ubi</span> <span class='ocrx_word' id='word_1_26' title='bbox 673 440 772 478; x_wconf 82' lang='lat' dir='ltr'>forte</span> <span class='ocrx_word' id='word_1_27' title='bbox 801 442 884 490; x_wconf 85' lang='lat' dir='ltr'>quis</span> <span class='ocrx_word' id='word_1_28' title='bbox 912 443 1143 495; x_wconf 67' lang='lat' dir='ltr'>adhaeserat,</span> <span class='ocrx_word' id='word_1_29' title='bbox 1172 447 1327 493; x_wconf 53' lang='lat' dir='ltr'>attolle-z</span> 
     </span>
     <span class='ocr_line' id='line_1_5' title="bbox 42 500 200 542; baseline -0.019 0"><span class='ocrx_word' id='word_1_30' title='bbox 42 500 200 542; x_wconf 82' lang='lat' dir='ltr'>bantur.</span> 
     </span>
    </p>

    <p class='ocr_par' dir='ltr' id='par_1_3' title="bbox 40 562 1331 1293">
     <span class='ocr_line' id='line_1_6' title="bbox 96 562 1328 623; baseline 0.007 -19"><span class='ocrx_word' id='word_1_31' title='bbox 96 563 279 604; x_wconf 88' lang='lat' dir='ltr'><strong>XXVIII.</strong></span> <span class='ocrx_word' id='word_1_32' title='bbox 319 562 638 613; x_wconf 81' lang='lat' dir='ltr'>OEnoandenses‚</span> <span class='ocrx_word' id='word_1_33' title='bbox 665 564 781 603; x_wconf 85' lang='lat' dir='ltr'>vicini</span> <span class='ocrx_word' id='word_1_34' title='bbox 816 564 996 605; x_wconf 84' lang='lat' dir='ltr'>Xanthiis</span> <span class='ocrx_word' id='word_1_35' title='bbox 1034 570 1070 607; x_wconf 84' lang='lat'>&amp;</span> <span class='ocrx_word' id='word_1_36' title='bbox 1100 569 1328 623; x_wconf 84' lang='lat' dir='ltr'>plerumque</span> 
     </span>
     <span class='ocr_line' id='line_1_7' title="bbox 41 624 1331 679; baseline 0.005 -14"><span class='ocrx_word' id='word_1_37' title='bbox 41 624 259 673; x_wconf 81' lang='lat' dir='ltr'><strong>discordes,</strong></span> <span class='ocrx_word' id='word_1_38' title='bbox 283 625 420 663; x_wconf 88' lang='lat' dir='ltr'>notitia</span> <span class='ocrx_word' id='word_1_39' title='bbox 445 624 647 673; x_wconf 81' lang='lat' dir='ltr'>locorum,</span> <span class='ocrx_word' id='word_1_40' title='bbox 676 638 743 675; x_wconf 86' lang='lat' dir='ltr'>per</span> <span class='ocrx_word' id='word_1_41' title='bbox 777 625 955 676; x_wconf 84' lang='lat' dir='ltr'>abruptas</span> <span class='ocrx_word' id='word_1_42' title='bbox 986 641 1097 679; x_wconf 88' lang='lat' dir='ltr'>rupes</span> <span class='ocrx_word' id='word_1_43' title='bbox 1131 632 1331 672; x_wconf 78' lang='lat' dir='ltr'>eniteban-</span> 
     </span>
     <span class='ocr_line' id='line_1_8' title="bbox 41 687 1331 738; baseline 0.007 -13"><span class='ocrx_word' id='word_1_44' title='bbox 41 695 128 736; x_wconf 84' lang='lat' dir='ltr'>tur;</span> <span class='ocrx_word' id='word_1_45' title='bbox 159 687 345 726; x_wconf 81' lang='lat' dir='ltr'>Romanis</span> <span class='ocrx_word' id='word_1_46' title='bbox 373 689 492 726; x_wconf 87' lang='lat' dir='ltr'>etiam</span> <span class='ocrx_word' id='word_1_47' title='bbox 523 687 752 737; x_wconf 87' lang='lat' dir='ltr'>quibusdam</span> <span class='ocrx_word' id='word_1_48' title='bbox 780 687 1034 738; x_wconf 84' lang='lat' dir='ltr'>sequentibus.</span> <span class='ocrx_word' id='word_1_49' title='bbox 1071 692 1136 732; x_wconf 89' lang='lat' dir='ltr'>sed</span> <span class='ocrx_word' id='word_1_50' title='bbox 1164 693 1331 734; x_wconf 82' lang='lat' dir='ltr'>laborio-</span> 
     </span>
     <span class='ocr_line' id='line_1_9' title="bbox 42 748 1328 808; baseline 0.009 -22"><span class='ocrx_word' id='word_1_51' title='bbox 42 748 103 787; x_wconf 88' lang='lat' dir='ltr'>sus</span> <span class='ocrx_word' id='word_1_52' title='bbox 130 748 301 787; x_wconf 86' lang='lat' dir='ltr'>ascensus</span> <span class='ocrx_word' id='word_1_53' title='bbox 327 749 402 788; x_wconf 88' lang='lat' dir='ltr'>fuit</span> <span class='ocrx_word' id='word_1_54' title='bbox 418 779 429 797; x_wconf 83' lang='lat'>,</span> <span class='ocrx_word' id='word_1_55' title='bbox 455 749 668 798; x_wconf 88' lang='lat' dir='ltr'>multique,</span> <span class='ocrx_word' id='word_1_56' title='bbox 694 749 850 789; x_wconf 87' lang='lat' dir='ltr'>fallente</span> <span class='ocrx_word' id='word_1_57' title='bbox 881 752 1036 803; x_wconf 82' lang='lat' dir='ltr'>vestigio</span> <span class='ocrx_word' id='word_1_58' title='bbox 1053 784 1064 802; x_wconf 92' lang='lat'>‚</span> <span class='ocrx_word' id='word_1_59' title='bbox 1090 755 1127 793; x_wconf 90' lang='lat' dir='ltr'>in</span> <span class='ocrx_word' id='word_1_60' title='bbox 1158 765 1328 808; x_wconf 78' lang='lat' dir='ltr'>praeceps</span> 
     </span>
     <span class='ocr_line' id='line_1_10' title="bbox 40 810 1329 870; baseline 0.008 -20"><span class='ocrx_word' id='word_1_61' title='bbox 40 810 132 862; x_wconf 80' lang='lat' dir='ltr'>lapsi</span> <span class='ocrx_word' id='word_1_62' title='bbox 157 814 364 862; x_wconf 89' lang='lat' dir='ltr'>perierunt.</span> <span class='ocrx_word' id='word_1_63' title='bbox 396 813 546 852; x_wconf 90' lang='lat' dir='ltr'>Eodem</span> <span class='ocrx_word' id='word_1_64' title='bbox 578 822 753 863; x_wconf 88' lang='lat' dir='ltr'>tempore</span> <span class='ocrx_word' id='word_1_65' title='bbox 777 815 935 864; x_wconf 89' lang='lat' dir='ltr'>quidam</span> <span class='ocrx_word' id='word_1_66' title='bbox 962 829 1093 857; x_wconf 87' lang='lat' dir='ltr'>eorum</span> <span class='ocrx_word' id='word_1_67' title='bbox 1112 850 1123 868; x_wconf 90' lang='lat'>‚</span> <span class='ocrx_word' id='word_1_68' title='bbox 1155 821 1221 870; x_wconf 89' lang='lat' dir='ltr'>qui</span> <span class='ocrx_word' id='word_1_69' title='bbox 1244 834 1329 859; x_wconf 89' lang='lat' dir='ltr'>mu-</span> 
     </span>
     <span class='ocr_line' id='line_1_11' title="bbox 42 874 1328 931; baseline 0.008 -18"><span class='ocrx_word' id='word_1_70' title='bbox 42 887 104 913; x_wconf 84' lang='lat' dir='ltr'>ros</span> <span class='ocrx_word' id='word_1_71' title='bbox 135 874 471 923; x_wconf 82' lang='lat' dir='ltr'>transcenderant,</span> <span class='ocrx_word' id='word_1_72' title='bbox 506 875 698 925; x_wconf 87' lang='lat' dir='ltr'>portulam</span> <span class='ocrx_word' id='word_1_73' title='bbox 730 878 921 926; x_wconf 86' lang='lat' dir='ltr'>quandam</span> <span class='ocrx_word' id='word_1_74' title='bbox 951 891 1204 931; x_wconf 83' lang='lat' dir='ltr'>aperuerunt,</span> <span class='ocrx_word' id='word_1_75' title='bbox 1238 894 1328 922; x_wconf 88' lang='lat' dir='ltr'>ante</span> 
     </span>
     <span class='ocr_line' id='line_1_12' title="bbox 45 935 1330 993; baseline 0.009 -21"><span class='ocrx_word' id='word_1_76' title='bbox 45 947 161 984; x_wconf 88' lang='lat' dir='ltr'>quam</span> <span class='ocrx_word' id='word_1_77' title='bbox 188 935 331 974; x_wconf 84' lang='lat' dir='ltr'>vallum</span> <span class='ocrx_word' id='word_1_78' title='bbox 360 946 439 974; x_wconf 85' lang='lat' dir='ltr'>erat</span> <span class='ocrx_word' id='word_1_79' title='bbox 467 936 694 975; x_wconf 64' lang='lat' dir='ltr'>exstructum</span> <span class='ocrx_word' id='word_1_80' title='bbox 720 940 916 987; x_wconf 64' lang='lat' dir='ltr'>praeacutis</span> <span class='ocrx_word' id='word_1_81' title='bbox 943 939 1110 981; x_wconf 86' lang='lat' dir='ltr'>sudibus.</span> <span class='ocrx_word' id='word_1_82' title='bbox 1136 941 1245 993; x_wconf 91' lang='lat' dir='ltr'>super</span> <span class='ocrx_word' id='word_1_83' title='bbox 1266 958 1330 984; x_wconf 73' lang='lat' dir='ltr'>eas</span> 
     </span>
     <span class='ocr_line' id='line_1_13' title="bbox 43 996 1331 1049; baseline 0.009 -15"><span class='ocrx_word' id='word_1_84' title='bbox 43 996 315 1035; x_wconf 75' lang='lat' dir='ltr'>audacissimus</span> <span class='ocrx_word' id='word_1_85' title='bbox 334 996 489 1045; x_wconf 86' lang='lat' dir='ltr'>quisque</span> <span class='ocrx_word' id='word_1_86' title='bbox 509 998 858 1039; x_wconf 87' lang='lat' dir='ltr'>transcendentium</span> <span class='ocrx_word' id='word_1_87' title='bbox 873 1031 884 1049; x_wconf 91' lang='lat'><strong>,</strong></span> <span class='ocrx_word' id='word_1_88' title='bbox 898 1000 1115 1042; x_wconf 89' lang='lat' dir='ltr'>sublevatus</span> <span class='ocrx_word' id='word_1_89' title='bbox 1130 1017 1151 1042; x_wconf 93' lang='lat' dir='ltr'>a</span> <span class='ocrx_word' id='word_1_90' title='bbox 1167 1008 1331 1045; x_wconf 90' lang='lat' dir='ltr'>commi-</span> 
     </span>
     <span class='ocr_line' id='line_1_14' title="bbox 40 1055 1328 1119; baseline 0.01 -24"><span class='ocrx_word' id='word_1_91' title='bbox 40 1055 227 1100; x_wconf 78' lang='lat' dir='ltr'>litonibus</span> <span class='ocrx_word' id='word_1_92' title='bbox 248 1058 457 1098; x_wconf 86' lang='lat' dir='ltr'>evadebat:</span> <span class='ocrx_word' id='word_1_93' title='bbox 490 1060 616 1099; x_wconf 84' lang='lat' dir='ltr'>doneo</span> <span class='ocrx_word' id='word_1_94' title='bbox 639 1075 797 1101; x_wconf 87' lang='lat' dir='ltr'>numero</span> <span class='ocrx_word' id='word_1_95' title='bbox 813 1065 893 1111; x_wconf 89' lang='lat' dir='ltr'>jam</span> <span class='ocrx_word' id='word_1_96' title='bbox 917 1064 1029 1103; x_wconf 87' lang='lat' dir='ltr'>multi</span> <span class='ocrx_word' id='word_1_97' title='bbox 1049 1077 1224 1117; x_wconf 80' lang='lat' dir='ltr'>portam,</span> <span class='ocrx_word' id='word_1_98' title='bbox 1245 1083 1328 1119; x_wconf 74' lang='lat' dir='ltr'>quae</span> 
     </span>
     <span class='ocr_line' id='line_1_15' title="bbox 42 1121 1330 1179; baseline 0.009 -21"><span class='ocrx_word' id='word_1_99' title='bbox 42 1122 148 1159; x_wconf 87' lang='lat' dir='ltr'>intus</span> <span class='ocrx_word' id='word_1_100' title='bbox 181 1121 280 1160; x_wconf 88' lang='lat' dir='ltr'>ferro</span> <span class='ocrx_word' id='word_1_101' title='bbox 315 1134 393 1160; x_wconf 90' lang='lat' dir='ltr'>non</span> <span class='ocrx_word' id='word_1_102' title='bbox 430 1130 509 1161; x_wconf 83' lang='lat' dir='ltr'>erat</span> <span class='ocrx_word' id='word_1_103' title='bbox 548 1124 695 1162; x_wconf 86' lang='lat' dir='ltr'>munita</span> <span class='ocrx_word' id='word_1_104' title='bbox 716 1153 727 1171; x_wconf 79' lang='lat'>‚</span> <span class='ocrx_word' id='word_1_105' title='bbox 763 1125 985 1176; x_wconf 85' lang='lat' dir='ltr'>diffringere</span> <span class='ocrx_word' id='word_1_106' title='bbox 1015 1141 1226 1179; x_wconf 72' lang='lat' dir='ltr'>coeperunt.</span> <span class='ocrx_word' id='word_1_107' title='bbox 1260 1135 1330 1172; x_wconf 53' lang='lat' dir='ltr'>Ac„</span> 
     </span>
     <span class='ocr_line' id='line_1_16' title="bbox 43 1181 1328 1241; baseline 0.009 -22"><span class='ocrx_word' id='word_1_108' title='bbox 43 1181 309 1230; x_wconf 87' lang='lat' dir='ltr'>cendebantur</span> <span class='ocrx_word' id='word_1_109' title='bbox 343 1183 445 1221; x_wconf 87' lang='lat' dir='ltr'>enim</span> <span class='ocrx_word' id='word_1_110' title='bbox 473 1182 645 1233; x_wconf 83' lang='lat' dir='ltr'>periculo</span> <span class='ocrx_word' id='word_1_111' title='bbox 676 1184 856 1235; x_wconf 84' lang='lat' dir='ltr'>suorum,</span> <span class='ocrx_word' id='word_1_112' title='bbox 885 1187 1020 1227; x_wconf 85' lang='lat' dir='ltr'>invadi</span> <span class='ocrx_word' id='word_1_113' title='bbox 1054 1188 1126 1228; x_wconf 78' lang='lat' dir='ltr'>hos</span> <span class='ocrx_word' id='word_1_114' title='bbox 1157 1204 1178 1229; x_wconf 83' lang='lat' dir='ltr'>a</span> <span class='ocrx_word' id='word_1_115' title='bbox 1201 1191 1328 1241; x_wconf 72' lang='lat' dir='ltr'>Lyciis</span> 
     </span>
     <span class='ocr_line' id='line_1_17' title="bbox 41 1243 429 1293; baseline 0.003 -11"><span class='ocrx_word' id='word_1_116' title='bbox 41 1253 224 1293; x_wconf 78' lang='lat' dir='ltr'>arguente</span> <span class='ocrx_word' id='word_1_117' title='bbox 251 1243 429 1283; x_wconf 86' lang='lat' dir='ltr'>clamore.</span> 
     </span>
    </p>

    <p class='ocr_par' dir='ltr' id='par_1_4' title="bbox 38 1304 1329 1961">
     <span class='ocr_line' id='line_1_18' title="bbox 97 1304 1328 1362; baseline 0.01 -19"><span class='ocrx_word' id='word_1_118' title='bbox 97 1304 254 1346; x_wconf 90' lang='lat' dir='ltr'><strong>XXIX.</strong></span> <span class='ocrx_word' id='word_1_119' title='bbox 290 1306 405 1356; x_wconf 77' lang='lat' dir='ltr'>Igitur</span> <span class='ocrx_word' id='word_1_120' title='bbox 427 1318 516 1346; x_wconf 87' lang='lat' dir='ltr'>cum</span> <span class='ocrx_word' id='word_1_121' title='bbox 541 1307 641 1347; x_wconf 84' lang='lat' dir='ltr'>intus</span> <span class='ocrx_word' id='word_1_122' title='bbox 667 1309 831 1360; x_wconf 89' lang='lat' dir='ltr'>forisque</span> <span class='ocrx_word' id='word_1_123' title='bbox 856 1311 959 1350; x_wconf 91' lang='lat' dir='ltr'>idem</span> <span class='ocrx_word' id='word_1_124' title='bbox 997 1311 1153 1362; x_wconf 88' lang='lat' dir='ltr'>plurimi</span> <span class='ocrx_word' id='word_1_125' title='bbox 1179 1314 1328 1356; x_wconf 76' lang='lat' dir='ltr'>summo</span> 
     </span>
     <span class='ocr_line' id='line_1_19' title="bbox 41 1366 1329 1424; baseline 0.011 -22"><span class='ocrx_word' id='word_1_126' title='bbox 41 1374 184 1403; x_wconf 90' lang='lat' dir='ltr'>conatu</span> <span class='ocrx_word' id='word_1_127' title='bbox 209 1376 389 1416; x_wconf 85' lang='lat' dir='ltr'>agerent,</span> <span class='ocrx_word' id='word_1_128' title='bbox 418 1366 574 1407; x_wconf 65' lang='lat' dir='ltr'>effracta</span> <span class='ocrx_word' id='word_1_129' title='bbox 603 1379 713 1418; x_wconf 90' lang='lat' dir='ltr'>porta</span> <span class='ocrx_word' id='word_1_130' title='bbox 742 1370 921 1412; x_wconf 74' lang='lat' dir='ltr'>dissiluit:</span> <span class='ocrx_word' id='word_1_131' title='bbox 961 1373 1010 1411; x_wconf 86' lang='lat' dir='ltr'>ad</span> <span class='ocrx_word' id='word_1_132' title='bbox 1043 1375 1146 1422; x_wconf 88' lang='lat' dir='ltr'>quod</span> <span class='ocrx_word' id='word_1_133' title='bbox 1178 1375 1329 1424; x_wconf 76' lang='lat' dir='ltr'>specta-</span> 
     </span>
     <span class='ocr_line' id='line_1_20' title="bbox 39 1425 1328 1484; baseline 0.007 -21"><span class='ocrx_word' id='word_1_134' title='bbox 39 1425 171 1464; x_wconf 89' lang='lat' dir='ltr'>culum</span> <span class='ocrx_word' id='word_1_135' title='bbox 203 1427 336 1477; x_wconf 83' lang='lat' dir='ltr'>ingens</span> <span class='ocrx_word' id='word_1_136' title='bbox 367 1426 536 1467; x_wconf 87' lang='lat' dir='ltr'>sublatus</span> <span class='ocrx_word' id='word_1_137' title='bbox 568 1429 738 1477; x_wconf 88' lang='lat' dir='ltr'>clamor,</span> <span class='ocrx_word' id='word_1_138' title='bbox 764 1432 872 1482; x_wconf 86' lang='lat' dir='ltr'>gestae</span> <span class='ocrx_word' id='word_1_139' title='bbox 899 1433 951 1471; x_wconf 87' lang='lat' dir='ltr'>rei</span> <span class='ocrx_word' id='word_1_140' title='bbox 979 1436 1236 1484; x_wconf 74' lang='lat' dir='ltr'>pugnantibus</span> <span class='ocrx_word' id='word_1_141' title='bbox 1269 1437 1328 1476; x_wconf 87' lang='lat' dir='ltr'>in.</span> 
     </span>
     <span class='ocr_line' id='line_1_21' title="bbox 40 1488 1326 1546; baseline 0.009 -20"><span class='ocrx_word' id='word_1_142' title='bbox 40 1488 188 1527; x_wconf 87' lang='lat' dir='ltr'>dicium</span> <span class='ocrx_word' id='word_1_143' title='bbox 213 1490 333 1538; x_wconf 84' lang='lat' dir='ltr'>fecit,</span> <span class='ocrx_word' id='word_1_144' title='bbox 360 1490 590 1540; x_wconf 78' lang='lat' dir='ltr'>dIremitque</span> <span class='ocrx_word' id='word_1_145' title='bbox 618 1502 823 1534; x_wconf 81' lang='lat' dir='ltr'>certamen.</span> <span class='ocrx_word' id='word_1_146' title='bbox 864 1493 1022 1533; x_wconf 84' lang='lat' dir='ltr'>Interim</span> <span class='ocrx_word' id='word_1_147' title='bbox 1051 1495 1176 1546; x_wconf 83' lang='lat' dir='ltr'>ignis,</span> <span class='ocrx_word' id='word_1_148' title='bbox 1201 1510 1222 1536; x_wconf 87' lang='lat' dir='ltr'>a</span> <span class='ocrx_word' id='word_1_149' title='bbox 1247 1511 1326 1538; x_wconf 84' lang='lat' dir='ltr'>ma-</span> 
     </span>
     <span class='ocr_line' id='line_1_22' title="bbox 39 1549 1328 1605; baseline 0.01 -18"><span class='ocrx_word' id='word_1_150' title='bbox 39 1549 166 1588; x_wconf 85' lang='lat' dir='ltr'>chinis</span> <span class='ocrx_word' id='word_1_151' title='bbox 190 1551 237 1589; x_wconf 87' lang='lat' dir='ltr'>ad</span> <span class='ocrx_word' id='word_1_152' title='bbox 259 1553 475 1601; x_wconf 87' lang='lat' dir='ltr'>propinqua</span> <span class='ocrx_word' id='word_1_153' title='bbox 500 1554 643 1591; x_wconf 71' lang='lat' dir='ltr'>moenIa</span> <span class='ocrx_word' id='word_1_154' title='bbox 673 1554 900 1603; x_wconf 84' lang='lat' dir='ltr'>devolutus,</span> <span class='ocrx_word' id='word_1_155' title='bbox 934 1557 1070 1605; x_wconf 81' lang='lat' dir='ltr'>pinnas</span> <span class='ocrx_word' id='word_1_156' title='bbox 1094 1560 1129 1597; x_wconf 70' lang='grc' dir='ltr'>ἃ</span> <span class='ocrx_word' id='word_1_157' title='bbox 1150 1559 1210 1599; x_wconf 87' lang='lat' dir='ltr'>his</span> <span class='ocrx_word' id='word_1_158' title='bbox 1235 1572 1328 1600; x_wconf 88' lang='lat' dir='ltr'>con-</span> 
     </span>
     <span class='ocr_line' id='line_1_23' title="bbox 39 1611 1325 1670; baseline 0.01 -22"><span class='ocrx_word' id='word_1_159' title='bbox 39 1612 172 1659; x_wconf 62' lang='lat' dir='ltr'>juncta</span> <span class='ocrx_word' id='word_1_160' title='bbox 207 1611 366 1650; x_wconf 75' lang='lat' dir='ltr'>aedificia</span> <span class='ocrx_word' id='word_1_161' title='bbox 396 1613 704 1663; x_wconf 87' lang='lat' dir='ltr'>comprehendit.</span> <span class='ocrx_word' id='word_1_162' title='bbox 746 1615 895 1656; x_wconf 84' lang='lat' dir='ltr'>Idcirco</span> <span class='ocrx_word' id='word_1_163' title='bbox 924 1617 1081 1667; x_wconf 87' lang='lat' dir='ltr'>Brutus,</span> <span class='ocrx_word' id='word_1_164' title='bbox 1113 1622 1325 1670; x_wconf 86' lang='lat' dir='ltr'>perniciem</span> 
     </span>
     <span class='ocr_line' id='line_1_24' title="bbox 39 1671 1325 1729; baseline 0.011 -20"><span class='ocrx_word' id='word_1_165' title='bbox 39 1671 177 1722; x_wconf 84' lang='lat' dir='ltr'>oppidi</span> <span class='ocrx_word' id='word_1_166' title='bbox 201 1673 366 1720; x_wconf 81' lang='lat' dir='ltr'>timens,</span> <span class='ocrx_word' id='word_1_167' title='bbox 386 1675 556 1726; x_wconf 71' lang='lat' dir='ltr'>exstingui</span> <span class='ocrx_word' id='word_1_168' title='bbox 579 1691 602 1712; x_wconf 86' lang='lat' dir='ltr'>a</span> <span class='ocrx_word' id='word_1_169' title='bbox 619 1677 788 1715; x_wconf 83' lang='lat' dir='ltr'>militibus</span> <span class='ocrx_word' id='word_1_170' title='bbox 801 1674 982 1729; x_wconf 65' lang='lat' dir='ltr'>flbmmam</span> <span class='ocrx_word' id='word_1_171' title='bbox 1004 1681 1119 1728; x_wconf 85' lang='lat' dir='ltr'>juffit.</span> <span class='ocrx_word' id='word_1_172' title='bbox 1152 1682 1216 1722; x_wconf 92' lang='lat' dir='ltr'>sed</span> <span class='ocrx_word' id='word_1_173' title='bbox 1241 1685 1325 1723; x_wconf 81' lang='lat' dir='ltr'>haec</span> 
     </span>
     <span class='ocr_line' id='line_1_25' title="bbox 38 1733 1324 1797; baseline 0.011 -25"><span class='ocrx_word' id='word_1_174' title='bbox 38 1733 88 1773; x_wconf 90' lang='lat' dir='ltr'>ab</span> <span class='ocrx_word' id='word_1_175' title='bbox 117 1734 321 1784; x_wconf 86' lang='lat' dir='ltr'>oppidanis</span> <span class='ocrx_word' id='word_1_176' title='bbox 348 1734 445 1774; x_wconf 88' lang='lat' dir='ltr'>ultro</span> <span class='ocrx_word' id='word_1_177' title='bbox 473 1737 704 1788; x_wconf 86' lang='lat' dir='ltr'>augebatur,</span> <span class='ocrx_word' id='word_1_178' title='bbox 732 1741 879 1790; x_wconf 87' lang='lat' dir='ltr'>picem,</span> <span class='ocrx_word' id='word_1_179' title='bbox 898 1741 1110 1792; x_wconf 82' lang='lat' dir='ltr'>sarmenta,</span> <span class='ocrx_word' id='word_1_180' title='bbox 1134 1746 1324 1797; x_wconf 86' lang='lat' dir='ltr'>quidquid</span> 
     </span>
     <span class='ocr_line' id='line_1_26' title="bbox 39 1794 1326 1860; baseline 0.011 -26"><span class='ocrx_word' id='word_1_181' title='bbox 39 1794 181 1834; x_wconf 88' lang='lat' dir='ltr'>alendo</span> <span class='ocrx_word' id='word_1_182' title='bbox 208 1797 286 1846; x_wconf 88' lang='lat' dir='ltr'>igni</span> <span class='ocrx_word' id='word_1_183' title='bbox 320 1798 606 1848; x_wconf 83' lang='lat' dir='ltr'>reperiebatur,</span> <span class='ocrx_word' id='word_1_184' title='bbox 641 1802 782 1851; x_wconf 89' lang='lat' dir='ltr'>cupide</span> <span class='ocrx_word' id='word_1_185' title='bbox 816 1804 1094 1851; x_wconf 79' lang='lat' dir='ltr'>injicientibus.</span> <span class='ocrx_word' id='word_1_186' title='bbox 1130 1809 1235 1847; x_wconf 87' lang='lat' dir='ltr'>Bruti</span> <span class='ocrx_word' id='word_1_187' title='bbox 1255 1822 1326 1860; x_wconf 91' lang='lat' dir='ltr'>po-</span> 
     </span>
     <span class='ocr_line' id='line_1_27' title="bbox 38 1857 1323 1918; baseline 0.012 -24"><span class='ocrx_word' id='word_1_188' title='bbox 38 1857 115 1895; x_wconf 84' lang='lat' dir='ltr'>tius</span> <span class='ocrx_word' id='word_1_189' title='bbox 150 1857 249 1896; x_wconf 87' lang='lat' dir='ltr'>hanc</span> <span class='ocrx_word' id='word_1_190' title='bbox 276 1861 440 1908; x_wconf 87' lang='lat' dir='ltr'>patriam</span> <span class='ocrx_word' id='word_1_191' title='bbox 474 1860 549 1899; x_wconf 81' lang='lat' dir='ltr'>effe</span> <span class='ocrx_word' id='word_1_192' title='bbox 571 1870 722 1911; x_wconf 87' lang='lat' dir='ltr'>putares</span> <span class='ocrx_word' id='word_1_193' title='bbox 738 1893 750 1912; x_wconf 85' lang='lat'>‚</span> <span class='ocrx_word' id='word_1_194' title='bbox 775 1875 865 1903; x_wconf 89' lang='lat' dir='ltr'>cum</span> <span class='ocrx_word' id='word_1_195' title='bbox 892 1865 1080 1906; x_wconf 87' lang='lat' dir='ltr'>deleretur</span> <span class='ocrx_word' id='word_1_196' title='bbox 1108 1882 1130 1908; x_wconf 87' lang='lat' dir='ltr'>a</span> <span class='ocrx_word' id='word_1_197' title='bbox 1150 1869 1249 1918; x_wconf 83' lang='lat' dir='ltr'>suis,</span> <span class='ocrx_word' id='word_1_198' title='bbox 1274 1871 1323 1910; x_wconf 85' lang='lat' dir='ltr'>ab</span> 
     </span>
     <span class='ocr_line' id='line_1_28' title="bbox 38 1918 420 1961; baseline 0.01 -4"><span class='ocrx_word' id='word_1_199' title='bbox 38 1918 118 1958; x_wconf 89' lang='lat' dir='ltr'>hoc</span> <span class='ocrx_word' id='word_1_200' title='bbox 141 1920 420 1961; x_wconf 81' lang='lat' dir='ltr'>defenderetur.</span> 
     </span>
    </p>

    <p class='ocr_par' dir='ltr' id='par_1_5' title="bbox 37 1982 1336 2478">
     <span class='ocr_line' id='line_1_29' title="bbox 90 1982 1325 2038; baseline 0.006 -16"><span class='ocrx_word' id='word_1_201' title='bbox 90 1983 228 2023; x_wconf 89' lang='lat' dir='ltr'><strong>XXX.</strong></span> <span class='ocrx_word' id='word_1_202' title='bbox 266 1982 334 2023; x_wconf 88' lang='lat' dir='ltr'>Ille</span> <span class='ocrx_word' id='word_1_203' title='bbox 363 1986 399 2023; x_wconf 91' lang='lat'>&amp;</span> <span class='ocrx_word' id='word_1_204' title='bbox 426 1984 466 2022; x_wconf 89' lang='lat' dir='ltr'>in</span> <span class='ocrx_word' id='word_1_205' title='bbox 492 1984 612 2035; x_wconf 83' lang='lat' dir='ltr'>urbe,</span> <span class='ocrx_word' id='word_1_206' title='bbox 639 1987 696 2036; x_wconf 66' lang='lat' dir='ltr'>Sc,</span> <span class='ocrx_word' id='word_1_207' title='bbox 722 1987 809 2037; x_wconf 89' lang='lat' dir='ltr'>quia</span> <span class='ocrx_word' id='word_1_208' title='bbox 839 1995 997 2038; x_wconf 86' lang='lat' dir='ltr'>propter</span> <span class='ocrx_word' id='word_1_209' title='bbox 1019 1989 1228 2030; x_wconf 92' lang='lat' dir='ltr'>tumultum</span> <span class='ocrx_word' id='word_1_210' title='bbox 1260 1992 1325 2030; x_wconf 81' lang='lat' dir='ltr'>in-</span> 
     </span>
     <span class='ocr_line' id='line_1_30' title="bbox 39 2043 1326 2101; baseline 0.01 -22"><span class='ocrx_word' id='word_1_211' title='bbox 39 2043 299 2093; x_wconf 78' lang='lat' dir='ltr'>cendiumque</span> <span class='ocrx_word' id='word_1_212' title='bbox 333 2044 429 2083; x_wconf 87' lang='lat' dir='ltr'>nihil</span> <span class='ocrx_word' id='word_1_213' title='bbox 458 2046 592 2096; x_wconf 87' lang='lat' dir='ltr'>profici</span> <span class='ocrx_word' id='word_1_214' title='bbox 619 2057 792 2098; x_wconf 86' lang='lat' dir='ltr'>poterat,</span> <span class='ocrx_word' id='word_1_215' title='bbox 821 2051 986 2100; x_wconf 79' lang='lat' dir='ltr'>egreffus</span> <span class='ocrx_word' id='word_1_216' title='bbox 1011 2063 1144 2101; x_wconf 85' lang='lat' dir='ltr'>porta,</span> <span class='ocrx_word' id='word_1_217' title='bbox 1176 2053 1326 2092; x_wconf 63' lang='lat' dir='ltr'>muros-</span> 
     </span>
     <span class='ocr_line' id='line_1_31' title="bbox 40 2105 1336 2168; baseline 0.008 -26"><span class='ocrx_word' id='word_1_218' title='bbox 40 2117 115 2154; x_wconf 78' lang='lat' dir='ltr'>que</span> <span class='ocrx_word' id='word_1_219' title='bbox 146 2105 460 2155; x_wconf 83' lang='lat' dir='ltr'>circumvehens,</span> <span class='ocrx_word' id='word_1_220' title='bbox 485 2109 668 2148; x_wconf 85' lang='lat' dir='ltr'>tendebat</span> <span class='ocrx_word' id='word_1_221' title='bbox 695 2111 743 2149; x_wconf 92' lang='lat' dir='ltr'>ad</span> <span class='ocrx_word' id='word_1_222' title='bbox 764 2111 1138 2164; x_wconf 56' lang='lat' dir='ltr'>XanthiQmanus,</span> <span class='ocrx_word' id='word_1_223' title='bbox 1154 2116 1224 2164; x_wconf 81' lang='lat' dir='ltr'>sibi</span> <span class='ocrx_word' id='word_1_224' title='bbox 1240 2130 1336 2168; x_wconf 59' lang='lat' dir='ltr'>par«-⁴</span> 
     </span>
     <span class='ocr_line' id='line_1_32' title="bbox 37 2169 1324 2223; baseline 0.009 -17"><span class='ocrx_word' id='word_1_225' title='bbox 37 2180 150 2206; x_wconf 72' lang='lat' dir='ltr'>terent</span> <span class='ocrx_word' id='word_1_226' title='bbox 169 2198 180 2215; x_wconf 88' lang='lat'>,</span> <span class='ocrx_word' id='word_1_227' title='bbox 200 2169 302 2220; x_wconf 57' lang='lat' dir='ltr'>sique</span> <span class='ocrx_word' id='word_1_228' title='bbox 333 2169 368 2207; x_wconf 64' lang='grc' dir='ltr'>δ’</span> <span class='ocrx_word' id='word_1_229' title='bbox 393 2172 555 2223; x_wconf 77' lang='lat' dir='ltr'>oppidum</span> <span class='ocrx_word' id='word_1_230' title='bbox 577 2173 768 2223; x_wconf 84' lang='lat' dir='ltr'>servarent.</span> <span class='ocrx_word' id='word_1_231' title='bbox 800 2175 849 2213; x_wconf 89' lang='lat' dir='ltr'>At</span> <span class='ocrx_word' id='word_1_232' title='bbox 878 2174 933 2213; x_wconf 89' lang='lat' dir='ltr'>illi</span> <span class='ocrx_word' id='word_1_233' title='bbox 968 2175 1078 2214; x_wconf 86' lang='lat' dir='ltr'>fatali</span> <span class='ocrx_word' id='word_1_234' title='bbox 1115 2178 1219 2216; x_wconf 85' lang='lat' dir='ltr'>rabie</span> <span class='ocrx_word' id='word_1_235' title='bbox 1247 2177 1324 2217; x_wconf 89' lang='lat' dir='ltr'>tela</span> 
     </span>
     <span class='ocr_line' id='line_1_33' title="bbox 38 2229 1322 2288; baseline 0.008 -21"><span class='ocrx_word' id='word_1_236' title='bbox 38 2229 262 2269; x_wconf 82' lang='lat' dir='ltr'>incendium</span> <span class='ocrx_word' id='word_1_237' title='bbox 283 2232 606 2282; x_wconf 76' lang='lat' dir='ltr'>exstinguentibus</span> <span class='ocrx_word' id='word_1_238' title='bbox 629 2235 864 2285; x_wconf 79' lang='lat' dir='ltr'>ingerebant.</span> <span class='ocrx_word' id='word_1_239' title='bbox 888 2237 1078 2288; x_wconf 86' lang='lat' dir='ltr'>postremo</span> <span class='ocrx_word' id='word_1_240' title='bbox 1103 2239 1235 2279; x_wconf 72' lang='lat' dir='ltr'>clausis</span> <span class='ocrx_word' id='word_1_241' title='bbox 1253 2241 1322 2280; x_wconf 87' lang='lat' dir='ltr'>do.</span> 
     </span>
     <span class='ocr_line' id='line_1_34' title="bbox 37 2293 1321 2351; baseline 0.005 -20"><span class='ocrx_word' id='word_1_242' title='bbox 37 2293 167 2332; x_wconf 83' lang='lat' dir='ltr'>mibus</span> <span class='ocrx_word' id='word_1_243' title='bbox 193 2293 229 2332; x_wconf 88' lang='lat' dir='ltr'>se</span> <span class='ocrx_word' id='word_1_244' title='bbox 253 2296 502 2348; x_wconf 82' lang='lat' dir='ltr'>parentesque</span> <span class='ocrx_word' id='word_1_245' title='bbox 530 2299 564 2337; x_wconf 66' lang='lat' dir='ltr'>S:</span> <span class='ocrx_word' id='word_1_246' title='bbox 588 2297 731 2337; x_wconf 83' lang='lat' dir='ltr'>liberos</span> <span class='ocrx_word' id='word_1_247' title='bbox 764 2301 1016 2342; x_wconf 89' lang='lat' dir='ltr'>occiderunt:</span> <span class='ocrx_word' id='word_1_248' title='bbox 1054 2301 1142 2351; x_wconf 85' lang='lat' dir='ltr'>alii,</span> <span class='ocrx_word' id='word_1_249' title='bbox 1165 2315 1236 2341; x_wconf 87' lang='lat' dir='ltr'>nec</span> <span class='ocrx_word' id='word_1_250' title='bbox 1258 2303 1321 2342; x_wconf 88' lang='lat' dir='ltr'>fir..</span> 
     </span>
     <span class='ocr_line' id='line_1_35' title="bbox 37 2355 1317 2416; baseline 0.009 -22"><span class='ocrx_word' id='word_1_251' title='bbox 37 2355 138 2395; x_wconf 85' lang='lat' dir='ltr'>mior</span> <span class='ocrx_word' id='word_1_252' title='bbox 167 2364 314 2396; x_wconf 85' lang='lat' dir='ltr'>tantum</span> <span class='ocrx_word' id='word_1_253' title='bbox 345 2368 457 2408; x_wconf 69' lang='lat' dir='ltr'>zetas,</span> <span class='ocrx_word' id='word_1_254' title='bbox 488 2359 553 2398; x_wconf 82' lang='lat' dir='ltr'>sed</span> <span class='ocrx_word' id='word_1_255' title='bbox 587 2363 691 2411; x_wconf 85' lang='lat' dir='ltr'>parvi</span> <span class='ocrx_word' id='word_1_256' title='bbox 716 2364 823 2413; x_wconf 88' lang='lat' dir='ltr'>pueri</span> <span class='ocrx_word' id='word_1_257' title='bbox 850 2373 964 2415; x_wconf 85' lang='lat' dir='ltr'>atque</span> <span class='ocrx_word' id='word_1_258' title='bbox 995 2365 1153 2416; x_wconf 85' lang='lat' dir='ltr'>puellae,</span> <span class='ocrx_word' id='word_1_259' title='bbox 1179 2367 1317 2405; x_wconf 76' lang='lat' dir='ltr'>infilie·</span> 
     </span>
     <span class='ocr_line' id='line_1_36' title="bbox 39 2415 1316 2478; baseline 0.009 -22"><span class='ocrx_word' id='word_1_260' title='bbox 39 2415 134 2456; x_wconf 82' lang='lat' dir='ltr'>bant</span> <span class='ocrx_word' id='word_1_261' title='bbox 155 2417 193 2455; x_wconf 88' lang='lat' dir='ltr'>in</span> <span class='ocrx_word' id='word_1_262' title='bbox 216 2419 367 2469; x_wconf 84' lang='lat' dir='ltr'>ignem,</span> <span class='ocrx_word' id='word_1_263' title='bbox 385 2432 449 2462; x_wconf 85' lang='lat' dir='ltr'>aut</span> <span class='ocrx_word' id='word_1_264' title='bbox 474 2422 513 2459; x_wconf 89' lang='lat' dir='ltr'>in</span> <span class='ocrx_word' id='word_1_265' title='bbox 532 2435 699 2473; x_wconf 69' lang='lat' dir='ltr'>praeceps</span> <span class='ocrx_word' id='word_1_266' title='bbox 722 2424 982 2466; x_wconf 84' lang='lat' dir='ltr'>demittebant</span> <span class='ocrx_word' id='word_1_267' title='bbox 1007 2439 1188 2477; x_wconf 79' lang='lat' dir='ltr'>corpora:</span> <span class='ocrx_word' id='word_1_268' title='bbox 1211 2440 1316 2478; x_wconf 61' lang='lat' dir='ltr'>pars„</span> 
     </span>
    </p>
   </div>
   <div class='ocr_carea' id='block_1_3' title="bbox 84 2529 701 2579">
    <p class='ocr_par' dir='ltr' id='par_1_6' title="bbox 84 2529 701 2579">
     <span class='ocr_line' id='line_1_37' title="bbox 84 2529 701 2579; baseline 0.016 -16"><span class='ocrx_word' id='word_1_269' title='bbox 84 2529 110 2574; x_wconf 80' lang='lat'>§</span> <span class='ocrx_word' id='word_1_270' title='bbox 132 2531 259 2568; x_wconf 67' lang='lat' dir='ltr'><strong>XXIX.</strong></span> <span class='ocrx_word' id='word_1_271' title='bbox 282 2532 371 2569; x_wconf 76' lang='lat' dir='ltr'>Plut.</span> <span class='ocrx_word' id='word_1_272' title='bbox 396 2534 432 2566; x_wconf 74' lang='lat' dir='ltr'>in</span> <span class='ocrx_word' id='word_1_273' title='bbox 463 2536 558 2572; x_wconf 79' lang='lat' dir='ltr'>Brut.</span> <span class='ocrx_word' id='word_1_274' title='bbox 587 2547 616 2571; x_wconf 65' lang='lat' dir='ltr'>c,</span> <span class='ocrx_word' id='word_1_275' title='bbox 643 2547 701 2579; x_wconf 65' lang='lat'>450</span> 
     </span>
    </p>
   </div>
  </div>
 </body>
</html>
