1685 3042
272 241 350 290 IN
392 238 736 287 LOC.L1B.
780 236 918 284 CXX
968 237 1106 285 LIV.
1266 249 1351 300 195

76 349 174 390 nihil
187 349 351 389 Decimo
369 348 505 394 carius,
520 345 615 385 nihil
630 343 897 383 exsecrabilius
912 345 1077 383 Antonio
1092 345 1225 385 fuerat.
1243 341 1350 384 Adeo

75 413 190 451 facile
216 410 481 450 convelluntur
505 407 622 448 animi
651 416 807 445 externa
829 413 979 444 tantum
996 405 1232 456 spectantes,
1258 418 1352 455 quo.

76 475 300 523 tiescunque
331 477 492 517 eorum,
523 483 545 508 a
574 468 711 519 quibus
747 466 987 516 dependent,
1029 465 1156 515 aliqua
1186 466 1358 504 interve-³

74 541 132 579 nit
157 537 363 578 eonversm,
397 547 468 573 nec
502 534 608 572 enim
639 531 760 581 abripi
788 531 895 570 fluxu
929 529 1154 569 mortalium
1189 530 1244 568 fas
1272 530 1351 578 est,

77 600 242 652 quisquis
272 596 532 638 constantibus
560 593 731 644 verisque
759 590 872 632 bonis
899 592 1084 630 innititur.

130 662 184 702 X.
214 661 291 701 Sed
313 659 500 699 Antonius
533 656 750 706 respondit,
780 656 816 692 in
852 655 998 692 Decimo
1028 653 1068 704 Je
1099 652 1358 690 vindicaturum

79 724 230 776 Caefizris
251 723 428 775 injurias,
453 722 489 758 in
512 720 649 759 Planco
662 719 778 770 fita53
813 717 1002 768 Caesarique
1026 718 1062 767 se
1089 714 1357 766 conjunblxrum.

77 786 183 826 Hinc
206 797 294 823 vero
319 783 365 823 D.
388 783 493 823 Bruti
521 793 578 820 res
608 780 732 820 subito
765 778 1023 817 miserandum
1045 777 1085 815 in
1119 776 1281 814 modum
1305 773 1358 812 la-

77 847 168 885 bare
194 852 407 895 coeperunt.
437 843 473 883 Is
498 842 611 881 tertio
638 841 719 891 post
740 838 998 879 Mutinensem
1017 850 1186 888 puqnam
1213 837 1274 875 die
1301 833 1381 874 im·

75 907 182 957 sequi
211 908 421 946 Antonium
452 904 583 951 orsus,
610 904 810 953 postquam
840 910 1038 951 receptum
1072 913 1093 939 a
1117 899 1266 950 Lepido
1295 911 1361 936 au-

79 970 175 1015 diit,
203 981 290 1007 cum
318 968 358 1007 L.
392 966 556 1015 Planco,
583 966 647 1015 qui
675 964 890 1014 defignatus
929 975 1005 1001 una
1040 961 1173 1000 consul
1201 960 1364 1010 sequen-

75 1039 157 1070 tem
184 1032 224 1068 in
244 1041 386 1068 annum
410 1030 554 1074 fuerat,
579 1026 732 1066 consilia
758 1025 926 1076 viresque
950 1020 1172 1064 sociaverat.
1199 1022 1273 1063 Sed
1294 1021 1363 1061 ubi

76 1091 115 1130 se
140 1092 366 1130 damnatum
394 1089 467 1126 effe
488 1089 622 1127 Romae
640 1118 650 1135 ,
677 1088 842 1126 Asinium
869 1085 1104 1133 Pollionem,
1130 1085 1276 1134 semper
1297 1083 1363 1131 Ju-

76 1152 188 1191 lianis
215 1151 384 1202 partibus
411 1149 559 1196 fidum‚
592 1161 681 1186 cum
715 1148 788 1186 suis
820 1147 1036 1197 legionibus
1072 1145 1258 1185 acceffiffe
1285 1145 1363 1184 An-

79 1216 214 1263 tonio,
250 1216 284 1253 &
312 1212 463 1262 insuper
493 1211 694 1250 sollicitare
724 1209 909 1249 Plancum
948 1209 1153 1258 cognovit3
1182 1207 1362 1245 diffidens

79 1278 201 1318 rebusr
227 1276 328 1323 suis,
357 1273 534 1314 adversus
559 1271 744 1312 Caesarem
770 1278 994 1309 convertere
1021 1270 1122 1320 signa
1148 1270 1276 1319 coepit.

151 1341 220 1381 XI.
250 1340 326 1380 Sed
360 1337 529 1378 desertus
564 1350 585 1375 a
612 1334 777 1382 Planco,
807 1346 898 1372 mox
931 1335 1048 1372 etiam
1089 1333 1230 1382 petitus
1273 1331 1368 1370 insrc'

82 1401 178 1450 diis,
202 1409 411 1440 extremam
440 1399 480 1437 in
508 1397 812 1447 desperationem
847 1395 992 1434 incidit.
1039 1395 1142 1435 Nam
1176 1393 1362 1442 Plancus,

79 1464 344 1515 frequentibus
379 1459 543 1512 epistolis
577 1458 698 1499 multa
733 1459 781 1497 de
810 1458 846 1497 se
883 1457 1050 1503 senatui,
1090 1457 1210 1496 multa
1253 1457 1365 1496 Cice·

77 1529 166 1567 roni
190 1525 395 1565 liberaliter
417 1525 452 1563 6<
473 1523 637 1562 facunde
664 1520 880 1571 pollicitus,
910 1520 958 1558 ad
980 1520 1213 1570 potentiores
1239 1518 1362 1557 desci-

80 1600 208 1630 verat:
234 1599 394 1640 quatuor
421 1586 646 1627 transductis
674 1586 722 1624 ad
749 1583 955 1624 Antonium
980 1582 1207 1633 legionibus.
1240 1582 1363 1622 Idcir-

86 1667 134 1693 co
150 1654 286 1693 Brutus
299 1683 309 1697 ,
330 1663 508 1697 numero,
531 1661 644 1699 quam
663 1647 804 1686 viribus
819 1677 830 1693 ,
846 1645 1052 1696 ampliores
1071 1646 1201 1695 copias
1229 1657 1368 1695 agens,

87 1716 192 1766 quod
217 1728 263 1754 ex
289 1715 422 1753 decem
454 1710 666 1762 legionibus
692 1722 767 1748 una
799 1717 949 1747 tantum
971 1716 1236 1746 veteranorum
1263 1716 1367 1755 erat,

86 1777 203 1817 altera
245 1776 370 1823 bima,
416 1786 544 1824 eaeque
580 1772 753 1812 nondum
790 1770 875 1810 satis
915 1783 961 1808 ex
993 1770 1124 1820 inopia
1155 1767 1369 1808 Mutinensi

87 1846 285 1885 recreatae3
316 1837 443 1875 reliela
469 1834 609 1882 Gallia,
636 1846 701 1884 per
725 1833 988 1872 Ravennatem
1025 1832 1059 1870 8<
1087 1829 1368 1880 Aquilejensem

87 1913 220 1951 agrum
241 1899 279 1937 in
306 1898 502 1949 Illyricum
529 1898 668 1936 ducere
695 1903 852 1934 conatus
880 1894 955 1942 est,
973 1902 1015 1932 ut
1037 1894 1077 1932 in
1093 1892 1391 1933 Macedoniam*

89 1963 138 2002 ad
161 1961 219 2002 M.
248 1962 407 2001 Brutum
431 1961 617 1999 evaderet.

160 2024 250 2065 XII.
283 2024 358 2063 Sed
390 2023 544 2073 quando
570 2022 676 2060 istam
705 2019 863 2070 quidem
894 2018 995 2058 viam
1028 2016 1148 2057 Caesar
1179 2018 1216 2056 δε
1248 2018 1369 2056 Anto⁴

91 2088 176 2127 nius
193 2086 457 2137 obsepserant,
487 2088 521 2125 Sc
544 2086 583 2124 in
597 2083 758 2135 Japydia
780 2082 1018 2132 congressum
1045 2078 1287 2130 repulerant:
1310 2088 1371 2117 rea'

92 2149 190 2189 lit-“tis
228 2148 436 2197 machinis,
472 2148 544 2186 alia
574 2146 745 2196 longiore
778 2155 890 2194 atque
922 2142 1136 2191 difficiliore
1172 2142 1232 2179 via
1268 2139 1372 2179 Rhe.

94 2223 188 2250 num
217 2218 345 2261 petere
374 2210 521 2258 statuit,
554 2218 667 2258 atque
694 2208 748 2247 ibi
782 2209 1005 2256 transjectus
1034 2219 1100 2256 per
1128 2204 1373 2245 Germaniam.

94 2271 294 2322 proficisci.
330 2271 406 2311 Sed
428 2270 495 2309 ubi
521 2268 721 2308 confilium
743 2271 823 2318 ejus
846 2268 1038 2306 emanavit
1057 2267 1095 2305 in
1117 2266 1257 2304 milites
1272 2294 1282 2310 ,
1308 2264 1374 2302 de-

94 2333 241 2385 sperare
271 2345 432 2382 omnes,
461 2340 576 2383 atque
607 2330 678 2370 alia
712 2330 1001 2381 circumspicere
1035 2328 1203 2380 praesrdia
1242 2338 1379 2376 coepe-v,

146 2471 169 2514 ς
194 2471 252 2502 IX.
277 2470 397 2504 Euseb.
417 2469 498 2502 Dio.
521 2469 665 2513 Appiam.
698 2467 720 2512 ξ
749 2465 793 2498 X.
820 2466 893 2499 Cic.
916 2462 1070 2497 familiar.
1093 2473 1155 2501 ιο,
1184 2473 1226 2501 24
1246 2461 1279 2493 &
1306 2471 1340 2493 11
1358 2485 1373 2502 ,

98 2515 301 2603 ἓςὲρὶῗηῗίῖ.
331 2516 405 2551 Cic.
433 2513 588 2549 familiar.
621 2523 685 2557 ro,
712 2524 752 2556 24
771 2511 805 2546 δι
832 2522 892 2554 ιι,
923 2521 974 2555 ¹5·
998 2508 1078 2541 Dio.
1106 2506 1229 2550 Vellej.
1254 2518 1270 2538 2
1286 2530 1296 2547 ,
1320 2505 1379 2549 63.

1018 2597 1061 2644 N
1097 2614 1123 2644 2.
