1685 3042
284 209 377 256 '262
447 206 540 255 JO.
581 202 1092 267 FRVEI'NASHEMII
1131 205 1498 254 SUPPLEM2

286 311 414 351 reficio
439 314 583 352 circum
604 311 749 352 ¹insulas
777 312 978 361 oberrans,
1005 313 1107 352 utin
1135 314 1297 364 patriam
1328 320 1568 353 revocaretur

286 375 560 426 exspectabam
590 376 696 427 quod
723 375 760 415 se
787 376 966 415 facinoris
989 378 1094 425 ejus,
1124 378 1234 425 cujus
1257 378 1370 416 ceteri
1400 379 1570 418 convicti

287 439 543 489 dicebantur,
585 439 833 479 innocentem
865 438 1009 478 sciebat
1044 439 1092 478 ab
1122 439 1303 479 omnibus
1337 439 1481 480 haberi.
1517 442 1571 481 Ut

288 514 381 542 vero
415 514 505 542 cum
539 503 673 543 ceteris
704 503 814 542 suum
851 515 1004 553 quoque
1033 516 1175 542 nomen
1213 502 1396 543 feralibus
1433 503 1575 544 tabulis

293 563 480 603 insertum
510 565 667 611 didicit,
705 565 753 603 ad
781 563 927 603 bellum
957 563 994 602 se
1024 565 1116 603 totis
1145 564 1287 604 viribus
1315 557 1572 616 comparans,

293 627 472 667 instruxit
492 640 628 668 naves:
657 640 780 677 neque
797 626 1025 677 proscriptos
1040 627 1175 674 modo,
1190 629 1255 678 qui
1268 628 1308 667 in
1320 629 1477 679 Epirum
1491 642 1578 669 eva-

290 690 446 740 serant,
473 691 539 730 sed
567 691 684 730 etiam
707 689 890 739 fugitivos
921 688 1169 739 recipiendo,
1201 691 1237 728 &
1261 692 1446 730 armando
1472 704 1577 742 erga-

294 753 416 801 stula,
446 753 538 802 quin
569 754 605 792 ὃς
633 764 722 790 cum
748 751 880 800 piratis
909 749 1005 789 inita
1026 750 1232 799 societate,
1266 752 1331 801 qui
1362 754 1462 792 circa
1493 754 1578 793 Cu-

292 829 376 856 mas
399 818 433 856 ἅ
459 814 704 854 Gallinariam
733 812 861 852 filvam
886 813 1176 864 praedabantur,
1199 808 1330 864 'coegit
1351 816 1578 854 exercitum.

294 878 439 926 diuque
467 876 541 916 fine
580 884 682 915 certa
717 875 944 926 quusquam
976 875 1052 915 loci
1086 874 1312 926 posseffione
1348 884 1504 926 vagatus
1539 878 1579 915 in

295 939 422 984 mari,
446 949 536 976 cum
570 937 673 976 felici
703 938 834 988 rapina
862 951 930 988 per
959 936 1079 977 Italiae
1114 945 1246 988 portus
1274 935 1377 977 haud
1398 937 1584 988 spernen-

296 1001 386 1040 dam
408 1002 489 1040 vim
518 999 685 1039 militum
706 1002 742 1039 ἃ
767 1000 939 1050 pecuniae
963 997 1211 1045 confecisset,
1237 999 1276 1037 in
1303 998 1474 1039 Siciliam
1497 1010 1581 1037 cur-

296 1061 380 1101 sum
406 1062 567 1110 direxit,
605 1061 800 1113 Mylisque
835 1064 872 1102 <Sc
896 1061 1118 1113 Tyndaride
1156 1062 1254 1100 citra
1285 1062 1482 1112 pulverem
1513 1073 1584 1100 ca·-

296 1125 396 1175 ptis‚
429 1123 667 1172 Messanam,
701 1123 947 1175 praevalidam
970 1123 1128 1171 urbem,
1158 1131 1306 1161 tentare
1332 1122 1441 1162 ausus
1464 1123 1527 1162 est.

352 1185 402 1225 ΠΣ
434 1185 520 1225 Erat
542 1192 634 1224 tunc
656 1186 697 1224 A.
733 1185 939 1235 pompejus
966 1184 1190 1236 Bithynicus
1216 1183 1420 1232 Meffanae,
1443 1183 1580 1224 Siciliae

299 1260 451 1299 praetor.
486 1247 542 1287 Ab
572 1247 649 1286 hoc
672 1247 843 1298 repulsus
866 1248 977 1287 initio
1003 1250 1140 1289 Sextus
1156 1277 1166 1296 ‚
1199 1262 1279 1287 non
1302 1248 1390 1287 ideo
1413 1249 1554 1288 destitit
1569 1277 1583 1296 ‚

301 1314 395 1363 quin
428 1313 634 1352 vastatione
664 1324 867 1363 agrorum,
903 1312 1268 1364 intercipiendisque
1301 1312 1583 1352 commeatibus

302 1375 560 1418 Mamertinos
586 1384 754 1415 vexaret.
782 1375 857 1416 Sed
882 1377 916 1415 δι
937 1376 1109 1424 vicinos,
1126 1389 1240 1426 opem
1263 1376 1358 1415 ferre
1375 1385 1584 1424 conantes,

303 1447 490 1488 exceptos
517 1450 583 1489 per
611 1437 763 1476 infidias
780 1466 790 1484 ,
809 1445 874 1476 aut
894 1437 1003 1476 simili
1033 1437 1143 1477 clade
1170 1437 1398 1486 muletam,
1421 1439 1587 1477 deterre-

303 1503 384 1543 bat.
428 1499 619 1540 Postremo
649 1511 736 1537 cum
769 1501 847 1548 jam
848 1500 992 1545 „etiam
1026 1499 1246 1549 quaestorem
1273 1499 1464 1551 Bithynici
1495 1512 1586 1540 cum

302 1560 494 1614 pecunia,
517 1573 633 1611 quam
667 1559 922 1610 deportabat,
954 1559 992 1597 in
1018 1560 1245 1609 potestatem
1270 1560 1486 1611 redegiffet3
1516 1572 1584 1610 per

303 1634 533 1663 communes
560 1622 732 1669 amicos,
758 1620 926 1661 Hirtium
946 1622 981 1661 ἃ
1009 1620 1220 1669 Fannium,
1249 1622 1314 1671 qui
1341 1632 1470 1660 recens
1495 1633 1586 1671 pro·

305 1684 437 1735 scripti
461 1684 501 1722 in
528 1683 696 1726 Siciliam
727 1683 1001 1734 profugerant,
1028 1682 1122 1722 inita
1154 1683 1206 1722 est
1237 1683 1335 1722 inter
1370 1682 1488 1722 duces
1522 1695 1590 1732 pa·

307 1748 409 1794 ἃῐο,
434 1754 478 1786 ut
503 1753 651 1796 aequato
675 1746 837 1796 imperio
863 1745 1031 1786 Siciliam
1060 1746 1291 1785 obtinerent.
1327 1745 1388 1785 Sic
1409 1756 1586 1794 receptus

307 1807 513 1855 Messanae,
548 1807 835 1857 imperatoque,
854 1819 894 1845 ut
912 1807 1080 1860 pecunias
1106 1808 1140 1846 6¹
1167 1822 1262 1846 arma
1282 1806 1495 1859 profit-rent,
1520 1806 1588 1856 Sy-

306 1870 459 1910 racusas
491 1869 624 1920 petiit:
664 1880 904 1919 acceptoque
938 1882 985 1909 ex
1014 1869 1141 1909 Africa
1179 1869 1367 1917 subfidio,
1403 1869 1507 1919 quod
1540 1869 1591 1918 Q.

310 1932 540 1975 Cornificius
566 1930 740 1980 miserat,
763 1934 797 1972 ἃ·
815 1931 918 1970 illam
939 1930 1100 1979 urbem,
1125 1934 1157 1971 ἃ
1179 1931 1305 1982 postea
1332 1930 1458 1981 plures
1482 1929 1588 1969 subc-

310 1998 378 2048 git.
421 1996 534 2036 Unde
577 2007 633 2033 res
667 1994 921 2034 frumentaria
956 1993 1177 2044 perangusta
1212 1994 1368 2041 Romae,
1403 1992 1591 2043 multique

311 2057 492 2098 mortales
520 2057 681 2097 absumti
707 2058 858 2108 frugum
883 2057 1063 2107 penuria,
1079 2054 1502 2106 coegeruntCaesarem,
1528 2056 1594 2106 qui

312 2119 497 2159 hactenus
523 2121 710 2167 majorum
749 2131 874 2158 rerum
903 2130 991 2158 cura
1017 2120 1173 2159 Sextum
1205 2118 1333 2167 augeri
1365 2116 1526 2165 tulerat,
1549 2124 1592 2156 ut

314 2185 350 2226 ἃ
377 2181 479 2221 clani
511 2182 736 2221 instruendae
757 2182 940 2230 adjiceret
969 2182 1165 2229 animum,
1195 2183 1229 2220 ἃ
1255 2181 1302 2229 Q.
1327 2179 1591 2220 Salvidienum

312 2243 461 2286 Rufum
482 2255 568 2283 Cum
591 2244 808 2293 ingentibus
831 2243 950 2293 copiis
972 2242 1164 2293 Rhegium
1191 2242 1448 2291 praemitteret.

369 2306 438 2355 ΠΙ.
472 2308 650 2365 Namque
683 2306 911 2357 Pommjus,
940 2306 978 2343 in
1001 2305 1080 2344 dies
1101 2305 1277 2355 augendo
1306 2303 1448 2343 famam
1478 2309 1591 2354 atque

360 2443 441 2480 Εῑὶ.
470 2441 550 2474 Dio.
580 2439 682 2473 Oros.
707 2440 747 2478 6,
775 2440 825 2472 18.
856 2439 932 2472 L'w.
962 2439 1052 2483 Epit.
1075 2438 1200 2479 Vellei.
1225 2448 1266 2477 2,
1297 2447 1351 2480 73.
1378 2436 1466 2470 Flor.
1495 2447 1534 2476 4,
1559 2436 1592 2470 S.

312 2479 427 2566 {iri-ab.
453 2488 472 2519 l.
498 2498 526 2516 τ.
554 2485 700 2531 Appias..
731 2486 752 2531 5
780 2486 824 2520 11.
850 2485 926 2519 Liv.
952 2485 1043 2529 Epic.
1067 2483 1147 2519 Dio.
1172 2484 1316 2529 Appian·
1342 2483 1447 2516 Satin.
1467 2492 1497 2517 c.
1521 2492 1593 2516 ιιι.

327 2534 397 2567 lm.
423 2544 462 2574 ζ,
484 2543 534 2574 45.
