1685 3042
327 137 419 203 368
487 138 581 209 ΙΟ.
621 137 1125 184 FREINSHEMH
1154 139 1542 189 SUPPLEM.·

322 244 570 301 fidebantur,
606 244 837 284 subventum
864 258 874 285 :
904 247 939 286 ἃ
961 245 1171 297 tIosephus,
1210 254 1367 296 urgente
1398 247 1478 295 liti,
1513 259 1605 297 cum

322 307 412 346 viris
451 307 626 347 ducentis
656 308 790 359 fugam
825 316 1039 349 tentaturus
1074 311 1116 348 in
1152 309 1328 350 Arabiam
1359 310 1506 360 fuerat,
1533 310 1604 350 nisi

321 371 511 421 proximae
534 373 659 412 noetis
688 371 809 411 imbre
833 372 1021 422 refectus,
1043 372 1324 424 completaeque
1349 386 1446 425 aqua
1476 373 1608 424 cister-3

322 446 384 487 nae
409 433 546 475 forent.
580 435 653 475 Sed
674 435 844 475 Herodis
874 435 1040 473 adventu
1069 434 1213 474 bellum
1250 435 1372 476 acrius
1401 445 1607 486 coeptum,

325 507 418 545 §um
459 495 587 535 missus
620 495 667 549 ab
703 496 870 535 Antonio
903 494 1075 542 Dellius,
1109 513 1132 535 a
1158 498 1332 545 Romanis
1360 498 1504 544 ducibus
1541 498 1608 535 ad-

315 556 442 610 juvari
467 571 594 609 regem,
607 556 769 605 juberet.
803 557 983 596 Ceterum
996 557 1200 598 Ventidius
1221 558 1394 598 civitates
1407 589 1420 606 ,
1436 571 1520 609 quae
1539 557 1614 610 ,de-4

323 619 496 658 fecerant
524 618 574 657 ad
604 617 784 667 Parthos,
807 618 1039 668 recipiebat,
1067 632 1246 670 magnam
1279 620 1481 670 pecuniam
1511 618 1610 659 mul-

324 682 393 729 (ἔξω
413 681 573 719 nomine
596 679 750 731 singulis
777 681 982 730 imperans.
1012 680 1076 720 sed
1101 680 1285 721 Malchus
1301 711 1312 730 ,
1342 681 1489 721 Arabiae
1514 695 1606 730 rex,

285 767 289 772 -
325 754 406 793 prae
446 740 579 779 ceteris
611 740 808 790 ingentem
842 740 1032 780 summam
1064 742 1263 792 pependit.
1303 742 1480 783 Tandem
1504 742 1612 796 3510»,

331 804 474 853 junCtis
491 815 577 840 curn
594 802 750 842 Herode
767 803 888 853 copiis
900 834 910 852 ,
922 803 1074 853 joppen
1096 803 1335 854 expugnanti
1352 802 1480 845 affuit:
1498 804 1617 855 dein,-
1667 812 1670 813 ’

328 864 453 904 soluta
477 863 657 903 Maffadae
674 863 894 911 obsidione,
915 863 1223 914 Hierosolymam
1247 872 1443 915 petentem
1459 863 1611 919 secutus

332 923 396 964 est.
432 924 506 964 Sed
526 932 727 974 corruptus
755 923 935 974 Antigoni
968 925 1157 974 pecunia,
1186 937 1312 976 neque
1341 924 1455 964 valde
1477 923 1615 975 utilem

332 999 489 1037 operam
524 986 722 1037 praestitit,
754 988 788 1026 &
819 987 1029 1026 concitavit
1049 987 1231 1040 milites,
1262 996 1305 1027 ut
1339 996 1429 1027 ante
1459 989 1621 1041 tempus·

330 1050 371 1088 in
396 1050 536 1088 hiberna
556 1050 677 1090 deduci
701 1049 945 1100 postularent.
981 1050 1293 1099 SedffA‘ntonius,
1329 1050 1494 1101 cognitis
1515 1050 1617 1105 Ven-

332 1111 420 1150 tidii
449 1112 561 1151 rebus
579 1143 590 1160 ,
613 1112 773 1163 epulum
796 1112 1085 1152 Atheniensibus
1106 1113 1260 1164 publice
1286 1112 1472 1164 praebuit,
1489 1110 1619 1153 ludos-2

335 1188 410 1225 que
449 1176 649 1227 gymnicos
691 1177 814 1229 fecit,
852 1177 989 1227 quibus
1026 1178 1104 1228 ipse
1149 1176 1442 1229 gymnasiarchae
1478 1187 1621 1214 munus

334 1238 454 1278 obiit:
492 1250 659 1308 cumque
696 1240 743 1278 de
778 1238 837 1278 his
867 1240 1027 1279 Romam
1066 1239 1283 1291 scripsisset,
1319 1238 1620 1290 supplicationes

338 1301 421 1349 ejus
451 1300 611 1340 nomine
645 1301 805 1361 decreta:
833 1301 936 1350 sunt,
972 1304 1081 1351 cujus
1116 1302 1290 1357 auspiciis
1319 1301 1386 1341 ista
1419 1300 1620 1341 Ventidius

334 1359 510 1412 gcffiffet.
604 1364 606 1367 “
1615 1396 1626 1418 x

393 1423 454 1464 LI.
485 1424 560 1464 Sed
589 1420 624 1463 Sc
653 1408 749 1463 alius
774 1423 990 1474 legatorum
1023 1423 1181 1464 Antonii
1215 1422 1362 1472 Pollio,
1392 1421 1457 1474 qui
1491 1405 1638 1460 missus·

338 1484 380 1523 in
408 1484 611 1524 Parthinos
634 1485 778 1534 fuerat,
801 1484 948 1535 Illyrios
972 1485 1070 1523 circa
1097 1468 1333 1535 Epidaurum
1352 1482 1498 1534 aliquot
1523 1494 1625 1533 proe

338 1544 402 1584 liis
425 1546 537 1586 fudit.
563 1547 641 1587 Sub
667 1548 769 1586 idem
791 1555 943 1597 tempus
972 1546 1196 1586 Cerretanos
1219 1543 1498 1600 tumultuantes
1529 1542 1626 1599 (ob-

342 1606 520 1646 tinebant
552 1617 678 1648 autem
714 1607 905 1647 convalles
939 1608 1123 1659 Pyrenaeae
1151 1607 1278 1662 silvae)
1307 1606 1375 1646 Cn.
1403 1605 1627 1664 Domitius,¹

345 1680 393 1708 ex
427 1670 623 1714 consulatu
655 1668 784 1709 miffus
825 1671 863 1708 in
892 1669 1140 1721 Hispaniam,
1174 1669 1356 1709 coercuit.
1397 1668 1427 1713 li
1455 1667 1626 1719 legatum

346 1742 454 1789 ejus,
468 1746 672 1786 exceptum
689 1734 854 1782 insidiis,
869 1736 904 1773 δε
923 1747 944 1772 a
966 1732 1151 1782 militibus
1177 1731 1424 1779 derelictum,
1443 1732 1623 1771 vicerant.

347 1802 444 1843 Ideo
477 1798 691 1845 Domitius,
716 1796 932 1848 priusquam
956 1797 995 1834 in
1020 1795 1166 1834 hostem
1194 1795 1375 1842 duceret,
1401 1792 1549 1853 sontes,
1578 1790 1635 1843 ad,

350 1863 580 1903 concionem
607 1859 883 1900 dissimulanter
910 1869 1090 1909 vocatos,
1118 1858 1270 1909 reliquis
1305 1857 1425 1908 copiis
1459 1857 1630 1895 circuin-‘

348 1926 473 1973 fudit3
501 1922 730 1974 cognitaque
755 1920 888 1968 causa,
917 1918 1156 1972 manipulum
1190 1933 1308 1959 unum
1327 1951 1338 1968 ‚
1363 1931 1479 1970 penes
1512 1929 1630 1969 quem

350 1990 521 2033 maxima
557 1988 696 2038 fiagitii
730 1999 814 2037 pars
856 1984 1049 2032 haerebat,
1074 1981 1289 2024 decimavit.
1321 1984 1361 2022 in
1390 1983 1632 2021 centuriones

354 2053 470 2092 etiam
510 2046 843 2103 aliquammultos,
870 2050 905 2088 Sc
928 2048 1038 2098 primi
1072 2047 1136 2098 pili
1167 2045 1373 2085 Vibullium
1397 2043 1634 2083 animadver-

355 2117 423 2155 tit.
442 2113 546 2153 Haec
571 2108 745 2150 severitas
765 2111 812 2150 ad
837 2111 1033 2155 vicloriam
1058 2096 1225 2160 profuit,
1244 2109 1276 2148 &a
1292 2140 1303 2157 ,
1324 2120 1411 2146 cum
1436 2105 1573 2146 niiles'
1564 2117 1634 2142 iin-

355 2185 570 2228 peratorein
594 2173 738 2223 magis,
762 2175 876 2223 quam
905 2171 1049 2210 hostem
1077 2166 1285 2217 metueret,
1298 2167 1503 2215 Cerretani
1528 2165 1634 2206 haud

360 2236 566 2278 difficulter
598 2235 792 2275 debellati.
824 2236 874 2274 ob
900 2248 962 2274 eas
988 2247 1044 2274 res
1069 2234 1184 2286 gestas
1210 2230 1249 2272 δι’
1270 2209 1381 2281 huie,
1411 2232 1445 2270 ἃ
1471 2227 1635 2271 Pollioni

363 2301 540 2339 decretus
577 2297 791 2348 triumphus
817 2297 881 2335 est.

409 2405 433 2450 5
464 2404 502 2437 L.
525 2404 609 2437 Dio.
639 2402 776 2448 Joseph.
800 2400 978 2446 Hegelipp.
1003 2412 1041 2442 1,
1071 2409 1125 2445 30.
1161 2400 1181 2444 S
1206 2399 1260 2434 Li,
1285 2398 1395 2443 §mhi
1418 2396 1443 2429 i.
1471 2406 1523 2430 n.
1551 2393 1635 2435 Vei}

362 2457 422 2506 ῖς).
442 2470 457 2491 2
475 2485 485 2500 ‚
513 2458 568 2500 78.
592 2457 673 2493 Dio.
