1685 3042
292 191 383 240 340
451 175 541 223 JO.
591 147 1095 226 Fuerusussrlffl
1129 180 1478 231 SUPPLEM:

289 285 391 324 enim
416 283 578 335 amplius
605 285 882 341 quadraginta)
908 287 1016 327 fimul
1044 289 1255 329 Antonium
1279 291 1315 330 &
1339 279 1570 343 'Pompejum
1632 334 1637 337 ,

290 351 326 388 8(
351 347 650 388 Ahenobarbum
678 348 903 400 superabat:
941 350 1005 390 sed
1029 352 1228 392 adversum
1254 366 1368 394 naves
1389 355 1573 395 adversa-

287 409 430 448 riorum
458 410 683 461 quingentas
710 424 834 462 neque
861 412 1012 452 classem
1037 413 1230 463 habebat,
1257 428 1382 466 neque
1405 417 1572 471 spatium

287 473 582 522 comparandae3
612 474 717 524 quod
751 473 807 512 illi
841 474 1008 514 instructi
1038 476 1233 527 paratique
1266 491 1312 517 ex
1337 479 1466 518 vicino
1495 479 1571 519 Ita-

286 532 380 573 liam
419 533 617 581 infestare,
655 536 691 573 ὃς
722 534 770 572 ad
808 543 1016 573 extremam
1051 537 1224 586 inopiam
1263 539 1417 589 adigere
1455 548 1573 590 pote-

283 605 381 635 rant.
412 597 570 645 Jonium
600 597 757 646 quidem
790 609 894 634 mare
927 609 1050 647 nuper
1085 602 1238 639 avectus
1272 602 1322 640 acl
1354 603 1570 642 Antonium

281 660 478 701 Domitius
514 667 736 710 aperuerat,
764 668 807 698 ut
842 660 979 700 melius
1014 661 1115 700 bello
1147 663 1225 712 peti
1253 663 1458 714 Pompejus
1484 664 1569 716 poc-

283 722 349 761 set.
378 731 550 761 ceterum
593 721 659 760 hic
694 721 833 761 multas
869 722 919 761 ob
946 722 1073 762 causas
1108 723 1310 764 videbatur
1347 727 1500 776 potior,
1524 734 1569 766 ut

280 798 357 835 prae
375 785 540 825 Antonio
565 784 716 824 futurus
744 785 854 834 usui,
877 787 1032 836 majoris
1053 786 1193 836 etiam,
1220 800 1334 838 quam
1361 787 1449 837 ille,
1476 789 1569 828 fidei

280 847 500 886 haberetur.

333 916 401 956 ΠΙ.
425 915 496 955 His
521 916 572 954 ita
596 917 788 966 expenfis,
806 929 916 966 cum,
934 918 1082 958 dimissa
1106 918 1262 968 Clodia,
1289 920 1398 970 copia
1418 919 1452 958 ei
1476 931 1566 958 con-

280 978 470 1017 ditionum
497 976 612 1023 esset,
635 975 683 1014 ad
709 975 963 1016 Maecenatem
988 979 1151 1030 scripsit,
1181 982 1233 1020 uti
1251 983 1401 1032 fiJrorem
1412 982 1482 1033 fibi
1502 981 1567 1020 Li-

276 1039 380 1078 bonis
403 1039 547 1077 ambiret
576 1038 818 1076 Scriboniam.-
846 1051 913 1089 per
943 1051 1058 1089 quam
1086 1039 1241 1078 foederis
1263 1051 1353 1078 cum
1380 1041 1565 1092 Pompejo

278 1099 466 1146 feriendi,
492 1097 602 1137 fimul
626 1097 737 1137 rebus
762 1097 836 1138 suis
869 1099 1051 1150 expedire
1076 1100 1298 1149 censuiffet‚
1327 1103 1566 1142 occasionem

278 1161 479 1213 captabat:
509 1173 740 1211 quamquam
767 1174 811 1200 ea
830 1160 974 1213 mulier¹
1001 1170 1110 1200 aetate
1140 1163 1354 1213 provectior
1382 1164 1478 1203 duos
1501 1178 1582 1204 an-·

275 1234 337 1266 tea
365 1225 580 1265 consulares
612 1226 768 1264 maritos
783 1256 793 1273 ‚
812 1227 847 1265 ἃ
871 1238 915 1264 ex
938 1226 974 1265 P.
1005 1226 1186 1276 Scipione
1203 1226 1341 1266 liberos
1363 1227 1561 1268 habuisset.

271 1289 358 1329 Nec
399 1289 621 1327 cuncstanter
655 1288 869 1338 accipiente
903 1288 1166 1327 conditionem
1205 1288 1378 1337 Libone,
1419 1289 1565 1330 literas·

275 1365 348 1402 que
382 1351 548 1392 Romam
577 1351 625 1389 ad
660 1350 803 1389 amicos
836 1350 973 1397 dante,
1004 1351 1293 1389 matrimonium
1323 1354 1565 1393 contractum

273 1415 338 1454 est.
382 1415 520 1464 Neque
559 1422 690 1452 tamen
726 1426 800 1463 pax
831 1413 928 1451 inter
957 1411 1026 1451 hos
1063 1412 1116 1451 est
1150 1413 1268 1462 inita,
1306 1413 1399 1452 dum
1443 1413 1566 1453 Caesar

274 1477 404 1517 omnia
441 1476 654 1515 concedere
686 1488 767 1514 non
806 1476 950 1525 potest3
980 1474 1098 1522 multa
1131 1475 1327 1514 remittere
1356 1476 1562 1527 Pompejus

271 1555 353 1581 non
379 1539 481 1589 vult,
506 1552 594 1579 cum
633 1540 874 1578 incremento
909 1539 1093 1588 potentiae
1131 1537 1304 1588 quotidie
1331 1537 1453 1577 faetus
1483 1538 1562 1578 ela·

272 1603 357 1641 tior.
401 1602 503 1641 Nam
538 1602 574 1640 δε
607 1599 671 1639 alii
703 1599 816 1638 multi
854 1598 1084 1638 accesserant
1114 1598 1310 1649 partibus,
1350 1601 1386 1639 ἃ
1422 1600 1564 1640 Statius

271 1665 432 1706 Murcus
456 1664 511 1710 ei,
537 1661 736 1702 luculenta
762 1662 927 1702 adduffra
954 1661 1065 1701 classe
1081 1692 1091 1710 ‚
1116 1661 1379 1713 duplicaverat
1406 1662 1518 1704 vires.

338 1735 404 1776 IV.
446 1734 504 1774 Ad
544 1733 625 1773 haec
665 1733 896 1784 quotidianis
934 1746 978 1772 ex
1017 1731 1130 1773 Italia
1167 1731 1406 1782 transfugiis,
1442 1731 1559 1772 etiam

270 1797 490 1844 servorum,
515 1794 735 1845 augebatur.
768 1803 845 1833 tam
875 1794 979 1833 enim
1003 1793 1229 1833 tranfibatur
1254 1793 1492 1843 frequenter,
1516 1803 1560 1834 ut

271 1860 385 1900 etiam
412 1855 577 1896 Vestales
612 1857 711 1896 inter
736 1855 838 1895 sacra
873 1855 1124 1906 conciperent
1157 1863 1314 1901 votum,
1336 1855 1479 1906 fifinis
1492 1871 1559 1894 au-

261 1920 429 1976 fugiendi
463 1920 582 1972 faffus
618 1918 705 1970 effit.
764 1917 911 1958 Idcirco
959 1917 1015 1957 Ν.
1054 1917 1277 1967 Vipsanium
1321 1917 1558 1967 Agrippam,

270 1983 488 2034 principem
530 1981 744 2020 amicorum
768 2010 779 2028 ,
816 1994 890 2018 cum
929 1979 1095 2033 Pompejo
1135 1979 1258 2018 bellum
1293 1994 1402 2032 gerere
1438 1981 1559 2021 Caesar

269 2043 385 2095 juffit.
429 2044 504 2084 Sed
539 2045 631 2082 dum
677 2043 841 2093 Agrippa
888 2041 1000 2081 ludos
1039 2041 1276 2092 Apollinares
1315 2052 1441 2090 curat,
1477 2052 1558 2083 erat

269 2110 375 2147 enim
403 2115 483 2146 tum
514 2114 677 2157 praetor3
711 2105 748 2143 in
780 2104 928 2145 ltaliam
968 2105 1171 2154 Pompejus
1198 2103 1366 2152 transiit,
1394 2118 1555 2155 magna-

271 2182 346 2220 que
370 2170 451 2217 ejus
474 2177 578 2218 parte
607 2167 771 2214 vastata,
798 2166 865 2205 sub
891 2167 1099 2205 adventum
1131 2167 1303 2216 Agrippae
1330 2166 1367 2205 se
1395 2169 1554 2217 recepit,

269 2229 446 2281 praesidiis
476 2242 541 2280 per
576 2238 794 2278 opportuna
828 2227 914 2267 loca
953 2227 1101 2267 reliclis.
1149 2228 1284 2277 Neque
1312 2240 1399 2268 vero
1439 2227 1552 2267 citius

271 2303 470 2331 occurrere
509 2297 685 2341 potuerat
711 2291 874 2340 Agrippa
891 2320 901 2337 ‚
922 2289 1023 2328 ludis
1055 2289 1214 2328 edendis
1243 2288 1429 2339 populum
1448 2319 1459 2337 ,
1483 2288 1548 2339 qui

273 2355 367 2394 mire
398 2354 456 2392 his
491 2353 752 2404 voluptatibus
789 2353 1048 2402 afficiebatur,
1073 2351 1206 2393 Caesari
1238 2351 1442 2391 conciliare
1475 2351 1553 2391 stu-

321 2489 343 2534 §
370 2490 427 2522 ΙΙΙ.
459 2491 597 2524 Sueton.
632 2491 665 2523 in
699 2491 784 2534 Aug.
810 2501 839 2523 c.
865 2491 920 2523 62.
942 2489 1085 2533 Appi-an.
1109 2487 1188 2522 Dio.
1212 2486 1335 2531 Velle]-
1360 2497 1399 2527 2,
1419 2496 1476 2527 Ἃ.
