1685 3042
241 211 321 259 IN
357 211 526 260 LOC.
571 209 712 256 Lm.
763 209 957 255 cxxm
993 210 1139 258 mv,
1270 211 1367 275 269

86 320 208 360 eordiae
233 320 336 372 caufiz
350 350 362 368 ,
387 331 576 371 mortuoque
599 318 720 355 remitti
745 317 993 370 ignominiam,
1010 319 1251 370 praeteritorum
1280 319 1367 357 obli-

50 430 53 433 »
87 383 189 421 wione
209 381 347 434 sancita
360 409 372 429 ,
399 380 571 432 distrteque
594 378 774 431 adjune‘t'o,
798 393 839 417 ne
859 380 897 416 de
917 392 993 416 nece
1023 380 1164 431 Caesaris
1187 391 1368 432 quaeratur.

88 447 160 484 Sed
181 445 216 483 δ’
230 446 368 498 postea,
386 458 459 481 cum
477 443 629 481 Antonii
644 441 815 493 seditiosis
836 442 1053 480 concionibus
1071 444 1267 496 exasperata
1286 460 1368 484 con-

85 520 141 546 tra
163 523 225 547 nos
246 522 332 560 pars
350 507 460 559 plebis
484 507 670 552 videretur,
694 506 798 557 ampl
790 506 839 558 ff
837 520 912 543 mas
937 506 1034 543 nobis
1049 508 1249 558 provincias
1265 508 1369 559 sena-

86 582 144 608 tus
174 584 248 608 cum
282 569 444 622 imperio,
473 581 636 621 tanquam
667 568 766 606 bonis
798 569 908 614 viris,
933 567 969 606 δ’
1002 569 1198 606 amantibus
1219 572 1370 622 patriae,

87 646 157 670 non
187 642 269 669 certe
300 642 462 682 tanquam
481 630 664 683 parricidis
693 629 728 668 δ’
751 630 939 669 latronibus
952 659 964 678 ‚
994 642 1066 682 quae
1089 645 1178 669 nunc
1201 633 1370 670 vocabula

88 693 309 744 imponuntur
322 721 334 740 ,
361 693 461 730 dedit.
496 693 689 744 Eademque
717 692 868 744 deinceps
890 690 1028 743 senatui
1049 690 1217 743 fintentia
1233 722 1245 739 ‚
1269 695 1372 731 donec

89 756 227 795 libertas
248 769 345 810 atque
367 754 607 803 incolumitas,
632 756 764 806 mansit.
793 755 891 792 Nam
919 768 991 807 qua:
1007 756 1058 806 sit
1081 753 1153 807 ejus
1180 755 1276 794 hodie
1290 754 1373 807 for·

88 829 201 865 tuna,
220 819 296 872 quis
311 820 387 870 stne
411 818 558 856 lacrimis
583 817 843 856 commemoret?
880 818 935 854 Ut
957 817 1072 869 cuique
1098 816 1280 868 plurimum
1302 818 1374 855 vir-

90 882 177 919 tutis
199 893 297 933 atque
327 880 532 933 integritatis
561 880 642 932 inest
655 907 667 926 ,
699 879 750 917 ita
774 878 974 931 cupidiffime
997 877 1267 932 proscribuntur,
1291 880 1377 932 spo·-

93 943 224 982 biantur
246 942 451 988 honoribus,
472 941 708 993 patrimonio,
731 940 821 978 vita.
851 941 1050 979 occiduntur
1075 941 1111 977 in
1145 941 1296 979 domibus
1311 972 1322 989 ‚
1338 942 1376 979 in

93 1004 206 1050 vicis,
234 1002 271 1040 in
299 1003 457 1054 templis,
485 1002 521 1039 in
543 1000 649 1053 foro,
678 1001 715 1040 in
748 1003 841 1040 curia
855 1017 872 1048 ,·
895 1001 953 1049 6²,
977 1016 1044 1054 quo
1072 1001 1162 1039 nihil
1182 1004 1288 1055 potest
1317 1002 1378 1054 effe

94 1067 244 1119 tristius,
269 1080 286 1104 e
316 1064 453 1102 latebris
481 1076 659 1112 eruuntur,
684 1079 707 1102 a
740 1064 869 1102 libertis
885 1092 897 1112 ,
923 1079 946 1102 a
974 1063 1086 1102 liberis
1102 1093 1116 1110 ,
1143 1065 1187 1102 ab
1212 1067 1376 1105 uxoribus

88 1129 229 1182 proditi.

172 1189 316 1230 XVIII.
353 1192 468 1229 Tanta
499 1189 656 1228 nimirum
688 1190 745 1227 vis
764 1189 925 1241 scelerum
959 1188 1074 1227 ediHis
1098 1191 1213 1229 horum
1239 1193 1376 1232 Trium-

94 1253 244 1293 virorum
275 1253 382 1306 inest,
404 1265 443 1291 ut
465 1252 520 1291 Itis
544 1267 613 1291 non
643 1254 741 1290 modo
755 1252 870 1304 status
900 1250 1086 1298 civitatis,
1107 1251 1167 1302 fed
1185 1254 1286 1292 etiam
1307 1270 1379 1295 mo-

94 1330 147 1353 res
168 1313 326 1368 publici,
344 1314 380 1351 G*
393 1311 459 1366 ,ἤιε
487 1312 637 1366 gentium
652 1342 666 1359 ‚
693 1312 729 1350 ἃ
751 1324 883 1350 naturae
908 1310 992 1364 jura
1021 1312 1264 1352 convellantur.
1305 1317 1378 1353 Ην·-

97 1378 168 1415 bem
201 1377 347 1414 Romam
375 1390 398 1413 a
430 1374 549 1413 Gallis
567 1371 625 1422 effi
650 1385 807 1424 captam,
834 1384 931 1410 vetus
953 1372 1111 1410 memoria
1130 1374 1306 1425 prodidit,
1321 1375 1380 1427 st·

97 1455 138 1478 ra
157 1449 252 1492 gente
285 1435 321 1474 δ’
350 1435 488 1489 aspera,
509 1435 586 1488 quis
613 1446 707 1486 neget
721 1435 742 1472 ?
765 1432 830 1485 fid
849 1445 919 1471 tam
938 1433 1064 1471 crudele
1085 1447 1309 1487 perpetratum
1335 1440 1381 1476 ab

96 1499 153 1537 his
174 1497 266 1536 nilzil
294 1498 363 1550 est,
389 1500 483 1550 quod-
506 1512 581 1535 cum
605 1495 826 1548 praesentibus
854 1495 1042 1542 collatum,
1070 1511 1141 1535 non
1166 1499 1267 1550 poffit
1291 1515 1382 1538 mera

99 1559 323 1612 misericordia
357 1558 393 1596 ὁ·
417 1559 639 1611 mansuetudo
671 1559 791 1596 videri.
841 1558 1062 1611 Tarquinium
1087 1559 1138 1598 ita
1166 1561 1321 1610 odimus,
1344 1577 1386 1601 uc

73 1629 76 1632 ”
98 1621 177 1659 inde
205 1635 307 1674 regem
332 1621 498 1673 appellari
527 1620 736 1659 maleditlum
763 1621 929 1659 habeatur
961 1620 1057 1673 longe
1083 1620 1215 1674 quidem
1241 1626 1384 1678 acerbis-'-

89 1686 227 1737 fimum.
271 1686 342 1722 Sed
364 1684 448 1736 quid
469 1683 537 1721 tale
558 1682 749 1736 designavit
777 1681 1013 1736 Tarquinius,
1037 1698 1130 1736 quem
1155 1700 1194 1723 ne
1219 1687 1261 1724 ob
1276 1686 1383 1738 situm

97 1746 254 1799 quidem,
267 1746 331 1798 sed
349 1745 423 1797 filii
456 1746 610 1784 delielum
623 1774 635 1792 ‚
663 1746 861 1798 expulerunt
889 1744 1032 1798 majores
1066 1746 1197 1799 nostri,
1214 1750 1323 1800 simul
1342 1750 1381 1789 in

96 1820 289 1861 perpetuum
306 1807 449 1859 sublata
478 1820 589 1859 regum
618 1808 778 1860 potestate
804 1806 840 1844 δ’
870 1805 1004 1846 nomine
1017 1808 1040 1845 ,Ρ
1076 1808 1134 1845 Hi
1161 1809 1267 1861 igitur
1294 1823 1384 1858 tres,

104 1886 173 1909 non
213 1868 419 1921 Tarquinii,
441 1868 507 1921 sed
532 1870 647 1908 omnia
666 1869 783 1923 'tristia
809 1869 950 1908 nomina
970 1869 1151 1922 sceleribus
1180 1872 1217 1910 δ’
1241 1875 1387 1913 crudeli-

103 1945 175 1971 tate
205 1932 392 1985 transsrrff
404 1961 417 1977 ‚
439 1946 504 1970 nos
531 1931 655 1984 itnpios
674 1944 822 1978 vocant,
845 1931 947 1971 etiam
971 1932 1010 1969 in
1033 1948 1069 1972 eo
1085 1932 1242 1985 facinore
1255 1966 1269 1983 ,
1294 1940 1387 1991 quod

103 2009 207 2033 unum
243 1994 342 2033 nobis
368 1993 554 2048 objiciunt,
583 1994 729 2047 improbe
755 1998 937 2035 mendaces.

160 2053 274 2094 XIX.
303 2055 449 2108 Propter
476 2054 620 2107 Caefizris
643 2058 762 2095 caedem
781 2057 990 2110 proscriptos
1011 2056 1132 2109 ferunt
1147 2075 1158 2097 .-
1185 2060 1247 2098 hoc
1263 2062 1302 2111 fi
1325 2075 1385 2099 ve-

100 2130 175 2155 rum
196 2118 261 2169 est,
281 2131 341 2155 cur
362 2117 468 2170 igitur
487 2116 576 2169 fizfii
604 2116 676 2170 ejus
698 2117 867 2170 exsortes,
897 2119 1028 2171 consilii
1052 2118 1194 2172 ignaros
1213 2150 1227 2166 ‚
1253 2123 1354 2160 etiarn
1367 2152 1382 2170 ,

105 2194 181 2218 cum
201 2180 270 2218 lzaec
289 2181 403 2218 omnia
420 2192 627 2233 gererentur,
655 2182 802 2233 absentes
831 2181 968 2235 aliquos
985 2184 1279 2236 proscripserunt?
1311 2186 1354 2222 N
1369 2207 1386 2213 -

104 2256 166 2294 que
196 2255 273 2279 vero
299 2242 360 2279 hoc
385 2241 557 2293 obscurum
588 2243 632 2294 eft
645 2272 659 2289 ‚
684 2243 719 2280 6·
757 2258 869 2282 coram
899 2244 1006 2296 adeffe
1038 2248 1201 2298 quosdam
1227 2247 1387 2291 cernitis,

108 2301 231 2354 quibus
259 2300 459 2352 Caesarianae
480 2302 572 2340 necis
603 2304 727 2342 crimen
754 2303 896 2357 impingi
918 2304 1015 2344 nullo
1034 2308 1136 2358 paelo
1161 2308 1303 2358 potuit;
1321 2308 1388 2358 fid,

107 2363 187 2401 illos
212 2361 387 2415 manifesto
414 2365 525 2402 virtus
537 2365 606 2416 fita
620 2395 633 2411 ,
654 2377 716 2404 aut
741 2367 902 2405 nobilitas
915 2395 926 2414 ‚
951 2380 1014 2406 aut
1029 2369 1131 2406 etiam
1155 2368 1288 2406 divitia:
1305 2382 1391 2420 pro·

101 2423 314 2476 seripserunt.
350 2425 448 2475 Quid
472 2440 550 2464 vero
582 2428 663 2466 Sex.
688 2426 875 2482 Pompcjus
892 2430 1037 2477 meruit,
1061 2431 1155 2483 quod
1172 2429 1383 2483 proscriptus

151 2521 177 2566 5
200 2521 311 2560 xvu.
330 2522 441 2562 Tacit.
458 2522 608 2569 Appian-
