1685 3042
318 213 399 278 iN
450 210 623 258 roe.
663 210 800 256 L1B.
834 210 968 257 cxx
1004 211 1143 259 riv.
1303 221 1400 266 ιη’

114 318 197 360 &tus
223 320 301 360 est:
324 321 477 358 interim
508 327 681 357 exemtus
711 314 1003 365 proscriptioni,
1031 329 1111 354 non
1145 315 1401 356 misericordia

110 380 414 420 Triumvirorum
428 411 440 428 ,
459 380 521 418 sed
547 385 663 416 metu.
692 376 848 427 Quippe
867 376 1042 417 Messalla
1069 390 1156 416 cum
1174 378 1289 417 Bruto
1305 388 1399 426 erat,

111 443 262 492 §uvenis
298 443 512 493 probitate,
540 439 770 486 constantia,
803 451 918 485 cura,
943 438 1066 477 studio
1099 440 1316 488 reipublicae
1340 442 1400 480 in.

106 503 406 555 comparabilis:
434 502 482 541 ad
508 501 590 540 haec
611 499 813 539 excellenti
839 500 1057 550 eloquentia
1073 529 1084 549 ,
1110 512 1200 540 cum
1223 502 1395 552 judicio,

109 564 372 613 industriaque
403 562 498 613 pari.

176 631 403 672 LXXXIII.
436 631 651 671 Edixerunt
677 630 792 681 igitur
817 630 857 668 in
885 629 985 669 hanc
1026 630 1217 671 formam:
1241 634 1397 683 Quando

106 694 170 734 M.
195 693 396 746 Meffzllam
425 709 470 732 ex
498 694 707 746 propinquis
735 692 810 744 ejus
838 693 1086 744 cognovimus,
1117 709 1157 732 ne
1183 695 1318 746 quidem
1354 696 1395 731 ir:

107 757 190 794 urbe
220 769 289 795 tum
307 755 440 808 fiuffe,
473 770 548 794 cum
573 754 770 806 interser‘lus
798 755 843 806 est
869 756 1006 807 Caesar,·
1037 768 1193 794 exemtus
1217 771 1234 794 e
1258 770 1395 793 numero

100 819 368 872 proscriptorum
382 819 459 870 efl0.
488 816 558 856 Ille
585 823 714 855 tamen
734 815 788 853 uti
816 814 889 855 hac
911 818 1019 857 venia
1044 819 1263 867 contemsit,
1289 819 1398 858 Bruti

108 879 260 918 causam
297 879 584 929 amicitiamque
613 878 827 929 praeferens.
859 879 995 929 Neque
1022 881 1149 929 pigeat
1178 891 1397 920 ceterorum

104 953 258 989 quoque
271 971 281 988 ,
298 943 361 989 qui
376 941 503 980 traditi
524 941 610 979 sunt
624 971 634 989 ‚
649 940 837 979 notabiles
851 940 955 979 casus
977 950 1193 990 pertexere:
1212 953 1396 990 quorum,

103 1000 201 1040 sicut
227 1003 262 1040 ὃς
287 1001 334 1039 de
355 1000 491 1050 quibus
514 1010 623 1039 antea
651 1001 811 1040 relatum
834 1001 911 1049 est,
936 1014 1022 1051 pars
1042 1009 1130 1040 ante
1153 1001 1396 1041 consulatum.

103 1061 246 1112 Lepidi
276 1061 502 1111 Pkmcique,
524 1075 608 1112 pars
633 1062 692 1102 his
716 1063 934 1103 consulibus
967 1064 1171 1111 perierunt.

162 1132 383 1173 LXXXIV.
416 1132 654 1182 Ligariorum
682 1130 844 1168 fratrum
880 1138 972 1168 nota
1002 1134 1209 1173 concordia
1234 1136 1269 1174 ἃ
1297 1134 1395 1173 cari—

104 1201 162 1234 tas
188 1194 276 1233 fuit.
304 1195 376 1240 Hi,
397 1205 484 1230 cum
507 1191 743 1241 aliquamdiu
767 1190 957 1230 latuissent
972 1192 1038 1231 sub
1061 1193 1235 1239 camino,
1251 1193 1394 1242 proditi.

100 1256 189 1294 sunt
205 1268 226 1292 a
248 1254 383 1302 servis,
410 1253 581 1303 alterque
605 1251 727 1291 statim
748 1250 906 1290 occisus.
933 1259 972 1289 at
997 1252 1063 1301 qui
1084 1251 1296 1302 effugerat,
1322 1266 1390 1292 au·

103 1317 188 1355 dito
210 1316 361 1367 periiffe
380 1315 560 1363 fratrem,
583 1314 631 1353 de
657 1322 778 1364 ponte
802 1312 838 1352 se
865 1314 1006 1361 dejecit
1033 1315 1074 1352 in
1096 1313 1280 1363 fiuvium3
1302 1315 1389 1354 diun

102 1391 179 1429 que
199 1378 363 1417 luctatus
389 1389 478 1416 cum
503 1375 776 1427 piscatoribus,
804 1374 868 1424 qui
897 1372 1041 1413 servare
1071 1382 1253 1425 tanquam
1287 1375 1393 1414 forte

101 1438 326 1490 prolapsum
356 1436 747 1488 nitebantur,fiustra
771 1437 872 1488 estis,
897 1435 1042 1485 inquit:
1064 1436 1277 1489 proscriptus
1291 1438 1388 1489 sum,

101 1502 230 1553 vosque
252 1502 388 1554 perdere
417 1500 521 1538 citius
548 1498 706 1550 poffitm,
735 1511 838 1549 quam
862 1512 885 1533 a
912 1497 1014 1534 vobis
1037 1498 1187 1549 ῥῖναι-ι’.
1219 1497 1317 1536 Cum
1338 1511 1388 1536 ne

98 1561 152 1600 sic
177 1562 331 1612 quidem
352 1561 573 1611 fatigaretur
592 1557 746 1597 illorum
769 1557 1009 1606 humanitas,
1030 1557 1171 1597 milites
1191 1559 1240 1597 ad
1266 1558 1388 1597 custo..

101 1622 207 1661 diam
223 1622 349 1673 pontis
373 1620 534 1671 appositi
555 1627 823 1666 accurrerunt,
838 1629 1096 1668 necaruntque
1117 1618 1391 1670 proscriptum.

168 1691 368 1731 LXXXV.
405 1690 493 1730 Duo
535 1701 689 1739 quoque
724 1687 796 1727 alia
828 1688 990 1727 fratrum
1025 1688 1129 1738 paria
1168 1689 1386 1728 referuntur

100 1752 204 1804 gravi
234 1752 415 1791 mulctata
449 1751 581 1790 exitio.
608 1751 654 1790 In
690 1762 843 1788 amnem
868 1749 904 1788 se
933 1751 1091 1799 quidam
1125 1751 1387 1801 praecipitavea

100 1822 188 1853 rat:
216 1827 329 1864 quem
354 1812 546 1863 inquisivit
571 1812 762 1852 servorum
786 1813 868 1860 ejus
900 1824 1022 1860 unus,
1046 1823 1272 1862 repertoque
1296 1812 1384 1862 post

99 1877 277 1926 quintum
314 1877 441 1925 diem,
469 1875 555 1925 quia
585 1876 762 1913 nondum
798 1873 958 1913 confusa
996 1875 1125 1913 onmia
1160 1876 1234 1913 oris
1264 1873 1385 1913 linea-

98 1925 239 1976 menta¹
256 1947 380 1986 erant,
406 1946 520 1987 caput
548 1936 783 1988 praemiispe
810 1936 1034 1985 amputavit.
1073 1937 1199 1985 Hujus
1224 1936 1383 1976 fratrem

98 1997 197 2037 alius
225 1997 348 2038 servus
375 1999 415 2038 in
442 1998 578 2038 latrina
608 1998 645 2037 se
684 1997 945 2052 occultantem
980 1997 1195 2036 indicavit:
1222 1997 1383 2047 percus}

98 2059 275 2109 foresque
315 2061 514 2112 dedignati
550 2060 804 2108 descendere,
833 2059 944 2098 hastis
978 2059 1173 2100 confixum
1204 2069 1381 2099 extraxe-

99 2132 211 2170 runt,
246 2123 571 2174 occideruntque,
607 2134 649 2163 ut
676 2130 774 2170 erat,
810 2121 1028 2169 sordidum,
1063 2135 1112 2161 ne
1143 2124 1269 2173 capite
1296 2124 1381 2172 quin

94 2183 191 2223 'dem
215 2183 360 2224 abluto.
388 2185 493 2225 Alius
508 2216 518 2234 ,
536 2185 691 2224 fratrem
711 2184 989 2235 comprehendi
1004 2185 1160 2232 videns,
1179 2184 1294 2234 seque
1312 2197 1378 2235 pa-

95 2244 188 2283 riter
209 2245 464 2297 proscriptum
484 2248 685 2298 ignorans,
714 2260 784 2294 me,
813 2261 887 2295 me,
902 2246 1049 2296 inquit,
1065 2246 1165 2297 prius
1183 2245 1378 2294 interficite.

100 2372 103 2375 ’
145 2387 167 2431 5
204 2387 371 2422 Lxxxn.
405 2390 513 2434 Agen.
545 2403 588 2434 3,
614 2401 665 2423 ιο.
695 2390 776 2424 Dio.
798 2390 884 2424 prm.
907 2400 950 2430 7,
977 2400 1032 2432 43.
1066 2390 1211 2434 Appiam.
1238 2389 1311 2422 cic.
1336 2389 1377 2422 aci

99 2441 196 2473 Brut.
230 2451 282 2483 ep.
309 2442 361 2474 18.
395 2443 416 2488 §
438 2443 621 2480 LXXXIII.
646 2443 735 2478 Plur.
766 2443 800 2476 in
825 2443 918 2478 Brut.
945 2453 974 2477 c.
999 2451 1054 2484 77.
1080 2442 1152 2477 Cic.
1179 2454 1241 2486 pro
1267 2442 1378 2486 Ligan

99 2504 135 2549 q.
159 2504 213 2529 ιι.
243 2494 395 2540 Appiam,
