1685 3042
262 215 345 262 IN
379 214 554 261 LOC.
589 213 726 259 LIB.
761 213 961 267 CXXIV
1005 212 1156 258 LIV.
1238 207 1341 255 281⁴

54 321 211 362 viderat.
233 322 307 362 Sed
338 323 373 362 δε
401 322 534 361 Romae
560 317 628 356 sub
654 316 757 356 idem
782 323 934 365 tempus
960 320 1213 366 apparuerunt
1236 314 1336 354 mul-

51 391 117 431 ta,
145 393 188 424 ut
218 384 406 423 creditum
433 382 519 430 est,
553 379 730 430 praesagia
767 378 996 418 futurorum.
1032 378 1098 418 Sol
1123 378 1332 428 aliquando

54 447 215 487 minima
249 446 541 497 magnitudine,
572 455 850 492 nonnunquam
882 442 1050 480 maxima
1078 441 1116 480 se
1157 441 1338 481 ostendit.

57 509 148 558 quin
180 511 214 547 ὁὶ
239 509 356 546 noctu
387 506 437 545 fic
468 504 628 553 effulsit,
658 512 702 543 ut
729 511 914 554 tanquam
948 503 1011 542 die
1048 510 1131 541 orto
1159 502 1208 541 ad
1240 513 1339 551 opus

56 569 278 619 surgeretur.

111 631 178 671 III.
209 631 423 672 Monstrum
448 630 639 678 biforme,
664 631 772 679 cujus
795 630 1002 668 anteriores
1031 635 1156 679 partes
1184 639 1340 676 equum,

54 692 279 742 posteriores
309 691 456 732 mulum
484 692 691 738 referrent,
721 691 827 730 mula
859 692 1020 741 peperit.
1057 691 1105 729 de
1128 688 1229 727 coelo
1260 688 1342 738 ple·

56 765 173 802 taque
199 756 304 792 taeta
325 752 431 801 sunt,
456 755 492 792 ὃ(
519 752 618 790 inter
647 751 730 792 haec
759 764 822 791 ara
846 751 951 800 Jovis
977 751 1149 792 vinoris.
1178 750 1280 789 faces
1301 750 1341 787 in

56 815 159 854 coelo
185 816 295 867 vis-qe:
327 816 478 855 auditus
522 815 678 865 clangor
707 815 907 861 tubarum,
943 817 978 855 Sc
1012 814 1184 865 strepitus
1219 824 1344 850 armo-

56 891 169 927 rum,
186 881 222 918 δε
248 879 393 917 clamor
419 878 654 920 exercituum
672 908 682 925 ‚
710 890 758 916 ex
785 877 938 917 Caesaris
963 880 999 917 ἃ
1023 876 1180 917 Antonii
1208 874 1341 914 hortis.

60 952 196 979 canem
222 941 354 979 aeditui
384 950 574 979 mortuam
612 941 716 979 canis
744 940 793 978 ad
821 939 964 979 Cereris
990 938 1179 989 templum
1208 935 1345 984 traxit,

61 1000 267 1051 effossaque
302 1002 464 1052 pedibus
494 1001 641 1048 humo,
671 1011 853 1051 tanquam
879 1003 917 1040 in
954 1002 1125 1052 sepulcro
1161 999 1348 1040 condidit.

61 1062 188 1100 infans
225 1075 314 1101 cum
349 1064 459 1101 denis
495 1063 532 1101 in
571 1072 729 1112 utraque
758 1076 874 1102 manu
904 1063 1030 1114 digitis
1064 1072 1174 1101 natus
1199 1062 1263 1101 est.
1299 1060 1346 1100 In

61 1123 271 1163 Mutinensi
308 1137 398 1175 agro
433 1125 609 1164 Victoriae
639 1125 823 1165 Marianae
857 1125 1003 1174 signum
1035 1124 1235 1163 meridiem
1263 1121 1350 1172 spe-

65 1186 266 1236 &ans,sua
281 1187 416 1237 sponte
437 1187 660 1226 conversum
681 1187 720 1225 in
743 1186 1072 1236 septemtrionem,
1094 1186 1186 1224 hora
1203 1178 1350 1234 querca.

66 1248 204 1288 Currus
232 1249 436 1296 Minervae,
459 1261 547 1287 curn
573 1248 655 1298 post
683 1248 944 1287 decursionem
971 1248 1142 1298 equitum
1169 1247 1207 1285 in
1233 1245 1354 1295 Capi-

63 1310 201 1350 tolium
232 1312 496 1359 reduceretur,
525 1311 743 1350 confractus
769 1311 831 1350 est.
866 1311 963 1350 Cum
990 1309 1071 1348 haec
1100 1308 1261 1348 victimis
1287 1320 1350 1346 ex-

64 1375 285 1425 piarentur,
309 1373 405 1412 soles
433 1383 508 1411 tres
539 1374 690 1411 circiter
710 1373 806 1412 hora
832 1374 942 1411 tertia
971 1372 1045 1411 diei
1070 1372 1131 1410 vifi
1149 1403 1162 1418 ,
1191 1361 1350 1409 mox'in

64 1448 186 1475 unum
211 1435 342 1474 orbem
368 1434 562 1473 contracti.
593 1434 735 1474 Latinis
756 1448 842 1473 cum
863 1437 1086 1485 &tempore
1113 1433 1237 1472 alieno
1251 1462 1260 1480 ,
1278 1433 1313 1472 ὁὶ
1330 1444 1352 1470 a

63 1498 244 1549 praesedt‘o
261 1497 385 1546 urbis,
404 1499 513 1547 cujus
529 1497 576 1536 ad
599 1509 726 1536 curam
748 1510 791 1536 ea
807 1510 863 1535 res
885 1497 1042 1535 minime
1056 1496 1295 1546 pertinebat,
1312 1495 1353 1534 in

68 1559 216 1599 Albano
250 1567 384 1598 monte
415 1558 705 1606 sacrificaretur,
736 1571 781 1597 ex
806 1557 967 1597 humero
995 1570 1039 1596 ac
1073 1556 1214 1607 pollice
1245 1557 1352 1604 Jovis

71 1620 207 1658 dextro
233 1631 342 1658 cruor
371 1619 551 1658 manavit.
589 1618 710 1658 Fluvii
734 1618 891 1669 quidam
916 1617 956 1656 in
978 1630 1067 1668 agro
1089 1618 1263 1657 Romano
1287 1617 1355 1656 de-

66 1681 263 1721 fecerunt:
290 1680 351 1720 alii
370 1681 559 1720 fluxerunt
587 1680 628 1719 in
653 1680 897 1720 contrarium.
933 1679 1079 1719 AEdiles
1101 1679 1223 1730 plebis
1250 1678 1354 1718 ludis

68 1743 247 1791 Cereris,
282 1755 376 1793 quos
411 1742 644 1793 equestribus
681 1741 860 1782 celebrari
906 1741 1073 1782 cursibus
1113 1737 1351 1792 oportebat,

69 1805 301 1859 gladiatores
326 1805 592 1845 exhibuerunt.

122 1867 184 1907 IV.
215 1868 310 1908 Haec
335 1867 383 1906 ab
408 1866 630 1906 hominibus
663 1865 795 1906 habita
824 1865 910 1905 sunt
936 1865 1130 1905 evertendi
1156 1864 1269 1904 status
1286 1878 1356 1915 po.

69 1928 212 1980 palaris
245 1929 414 1969 indicia:
449 1942 532 1978 quae
572 1928 725 1976 referri,
762 1941 875 1979 quam
917 1928 1153 1979 praetermitti
1188 1926 1356 1975 tradita,

70 1990 182 2030 satius
215 1999 323 2041 puto.
349 2003 398 2029 ne
422 1991 525 2029 enirn
556 1990 606 2029 ad
629 2003 765 2029 vanam
793 1990 1095 2041 superstitionem
1120 1989 1268 2029 animos
1284 1989 1358 2028 iili-

71 2053 176 2093 ciant
191 2083 203 2101 ,
225 2066 304 2092 non
332 2052 481 2092 silentio
496 2083 507 2099 ‚
527 2052 590 2092 sed
613 2055 982 2093 commemoratione
1010 2054 1141 2104 potius
1163 2052 1361 2100 obtineas‚'

72 2114 215 2162 modo,
237 2114 330 2168 quid
355 2114 408 2153 eis
438 2115 486 2152 de
508 2113 618 2153 rebus
639 2114 757 2153 teneri
788 2114 924 2154 rec'tius
946 2114 1012 2162 sit,
1033 2113 1248 2153 ostenderis.
1272 2114 1358 2154 Nec

71 2176 176 2216 enim
215 2177 402 2225 tacendo,
436 2185 478 2215 ut
505 2176 568 2215 aiii
606 2190 756 2227 quoque
779 2176 1068 2224 obmutescant,
1095 2175 1292 2215 effeceris:
1320 2176 1357 2215 Sc

73 2237 222 2288 praestat
247 2237 331 2277 haec
357 2238 404 2278 ab
430 2238 488 2277 bis
514 2240 674 2287 narrari,
696 2240 761 2288 qui
788 2237 925 2277 talibus
958 2250 1036 2277 non
1058 2237 1142 2287 plus
1171 2237 1268 2285 justo
1291 2236 1359 2273 tri-

74 2299 191 2338 buere
225 2300 453 2340 didicerunt.
480 2302 579 2340 Nam
606 2302 641 2340 ἂ
671 2300 719 2339 fic
740 2310 888 2339 narrata
909 2312 997 2338 cum
1027 2298 1221 2346 remedio,
1249 2299 1360 2336 inno.

74 2361 135 2401 xia
164 2362 303 2401 intrant
329 2363 502 2411 animos,
533 2365 567 2402 ὃς
599 2362 729 2413 stepius
755 2361 881 2411 lecta,
907 2362 931 2401 si
959 2363 1059 2401 forte
1086 2362 1224 2400 iterum
1262 2359 1363 2398 inci-⁴

121 2480 142 2523 ς
169 2480 211 2512 Π.
235 2479 302 2514 Jul.
338 2479 465 2527 Obseq.
495 2481 583 2515 Plut.
609 2481 697 2517 Flor.
733 2493 774 2523 4,
799 2492 830 2523 7.
856 2481 1102 2525 A'ppian.P1in.
1123 2490 1154 2522 2,
1176 2488 1231 2523 3¹.
1255 2479 1275 2523 S
1303 2477 1365 2518 111,

79 2523 147 2560 Jul.
167 2524 292 2569 Obseq.
317 2524 397 2559 Dio„
1360 2546 1362 2548 r
