1685 3042
288 185 376 269 142
447 206 540 253 io,
580 201 1074 250 FRE1NSHEM11
1121 199 1476 246 SUPPLEM.

290 314 440 355 terfec‘ti
459 313 608 353 fuerant
625 342 636 361 ,
657 310 814 366 sublatis
827 310 942 363 fignis
967 307 1100 347 Albam
1113 306 1291 361 ficffffi,
1313 307 1351 346 in
1373 307 1485 345 urbem
1509 318 1574 359 op·

282 391 470 432 portunam
492 379 527 417 ἐξ
550 377 729 415 munitam.

354 439 416 480 LI.
442 439 544 479 Dum
569 437 617 476 ad
642 436 724 476 haec
753 433 914 474 subfistit
940 431 1249 484 cogitabundus,
1272 444 1322 470 en
1347 430 1452 471 aliud
1475 443 1574 470 nun.

287 502 386 542 tium
411 513 440 540 z*
463 503 497 540 δ’
531 511 689 552 quartam
716 497 909 550 legionem,
935 496 1020 533 duce
1053 497 1098 534 L.
1130 494 1346 547 Egnatulejo
1385 495 1539 547 quaestore
1557 527 1574 545 9

286 567 335 605 ad
375 563 536 616 Coesarem
563 561 603 614 se
646 558 861 613 transtulffi.
912 570 987 607 qua
1018 570 1058 596 re
1095 557 1253 605 audita,
1281 557 1330 595 fic
1366 557 1418 596 est
1450 565 1576 596 exter.

285 629 403 674 ritus,
426 635 496 673 ut,
519 624 670 673 abjeero
702 623 749 661 de
781 620 924 661 Caesare
958 621 1150 659 referendi
1185 619 1368 667 consilio,
1400 617 1574 658 senatus-

286 689 503 741 consultum
525 688 573 727 dfe
587 684 862 736 supplicatione
885 682 943 722 M.
965 681 1110 732 Lepido
1134 681 1382 721 decernenda
1407 693 1475 731 per
1502 678 1574 718 dis-

286 752 493 792 cessionem
531 750 675 788 faceret
697 777 708 795 ‚
741 759 817 796 quo
851 743 1009 784 celerius
1040 744 1191 781 mittere
1226 742 1401 781 senatum
1434 741 1569 792 posset.

283 816 370 856 Nec
390 814 495 851 enim
520 809 676 849 honoris
700 806 834 857 Lepidi
859 804 968 844 causa
996 803 1122 842 vocari
1151 803 1275 842 Patres
1299 802 1480 851 jufferat3
1516 801 1573 840 su-

283 874 484 928 pervacuis
501 874 662 911 omnino
687 870 799 909 minis
818 866 992 907 adversus
1018 865 1192 905 tribunos
1216 863 1342 915 plebis
1369 862 1569 915 quosdam,

288 938 355 987 qui
383 936 540 974 minime
568 931 813 984 repugnaturi
845 929 1010 968 fuerant.

341 996 422 1037 LII.
442 995 516 1036 Sed
542 993 608 1033 ille
633 993 675 1032 L.
706 990 829 1032 Cassio
857 988 1148 1028 denuntiaverat
1173 999 1333 1035 mortem,
1347 988 1385 1038 st
1404 988 1443 1024 in
1465 986 1574 1038 fina-

286 1073 360 1098 mm
386 1055 570 1096 venisset:
604 1055 650 1095 D.
670 1052 923 1094 Carfulenum
949 1064 970 1089 e
998 1050 1127 1089 senatu
1151 1049 1188 1089 vi
1223 1051 1258 1088 ἃ
1289 1049 1403 1087 minis
1438 1049 1575 1087 mortis

290 1121 519 1172 expulerat:
555 1119 615 1159 Ti.
641 1117 868 1163 Canutium‚
902 1128 983 1154 non
1013 1113 1162 1164 templo
1191 1113 1334 1159 modo,
1358 1111 1423 1150 sed
1456 1112 1574 1150 etiam

289 1185 397 1223 aditu
418 1179 616 1232 Capitolii,
639 1192 705 1229 per
725 1185 890 1217 armatos
912 1175 1175 1226 prohibuerat.
1204 1174 1280 1213 Sed
1307 1172 1478 1221 ejusdem
1501 1172 1580 1211 diei

287 1246 444 1296 vespere
477 1243 716 1282 sortitionem
751 1239 1035 1290 provinciarum
1065 1250 1113 1276 ex
1151 1237 1335 1275 arbitratu
1371 1235 1437 1273 suo
1470 1234 1579 1276 fecit.

293 1310 390 1358 Cajo
420 1306 527 1346 fratri
559 1303 860 1349 Macedoniam,
889 1301 930 1340 C.
959 1299 1117 1339 Calvisio
1147 1297 1314 1337 Africam
1347 1298 1481 1336 dedit:
1518 1309 1580 1336 ce-

287 1379 458 1410 terorum
481 1367 651 1418 plerique
673 1364 887 1416 provincias
917 1361 1000 1400 suas
1024 1360 1265 1412 repudiando
1281 1390 1291 1407 ‚
1317 1359 1462 1399 nullam
1485 1359 1577 1399 fuis·

288 1434 326 1472 se
344 1430 499 1472 Antonii
512 1429 750 1468 sortitionem
770 1426 1047 1475 judicaverunt.
1081 1421 1185 1473 Ipse,
1206 1434 1328 1472 neque
1356 1423 1452 1461 votis
1478 1435 1577 1462 nun-

291 1493 460 1543 cupatis,
481 1502 605 1540 neque
625 1486 816 1527 sacrificiis
840 1484 1072 1524 solemnibus
1098 1484 1235 1529 saetis,
1259 1490 1345 1521 ante
1363 1482 1489 1522 lucem
1511 1497 1580 1534 pa.

289 1556 444 1597 indatus
467 1554 518 1592 ita
546 1551 740 1602 profectus
771 1548 822 1586 est
844 1559 890 1586 ex
918 1546 1034 1592 urbe,
1060 1552 1100 1583 ut
1127 1543 1270 1594 templa
1290 1573 1302 1591 ‚
1328 1544 1456 1584 forum
1472 1576 1483 1592 ‚
1512 1558 1576 1585 oc.

291 1617 444 1657 cursum
469 1614 669 1654 hominum
687 1641 700 1657 ‚
723 1609 829 1649 diem
862 1621 969 1658 paene
999 1605 1124 1657 ipsum
1157 1606 1312 1654 vitaret,
1345 1606 1385 1644 in
1412 1606 1574 1646 Galliam

288 1689 510 1732 properans.
549 1675 622 1715 Sed
644 1673 745 1723 prius
772 1670 906 1710 Albam
938 1671 992 1707 ire
1017 1667 1168 1715 statuit,
1196 1667 1244 1706 ad
1273 1667 1524 1714 revocandas,
1551 1667 1576 1707 fi

293 1741 442 1795 poffet,
476 1739 674 1789 legiones:
711 1734 801 1773 inde
835 1735 998 1781 rejectus
1023 1731 1145 1771 Tibur
1177 1731 1225 1769 ad
1257 1739 1403 1769 ceteros
1434 1730 1576 1770 milites

293 1803 427 1849 rediit,
447 1800 708 1846 advocataque
731 1794 943 1840 concione,
957 1794 1081 1841 jurare
1106 1791 1234 1841 coegit
1257 1803 1413 1838 omnes,
1435 1789 1471 1829 se
1495 1803 1575 1830 non

293 1864 368 1904 effe
393 1861 616 1902 deserturos.

363 1924 462 1966 LIII.
492 1922 596 1962 Inter
630 1918 713 1958 haec
741 1929 900 1967 magnus
928 1914 1065 1954 exstitit
1092 1915 1132 1953 in
1163 1913 1258 1952 urbe
1289 1913 1429 1961 timor,
1458 1921 1579 1952 certa-

293 1989 442 2037 timque
467 1990 654 2024 venerunt
670 1980 793 2021 Tibur
816 1979 943 2019 Patres
963 1978 1246 2028 propemodum
1274 1978 1454 2027 universi,
1472 1978 1578 2029 equi.

295 2057 381 2088 tum
411 2059 497 2098 pars
527 2045 695 2084 maxima
714 2073 725 2092 ,
764 2045 800 2082 St
833 2055 879 2081 ex
907 2041 988 2091 ipsa
1025 2040 1138 2091 plebe
1173 2039 1451 2080 honestiffimus
1481 2040 1577 2091 quis.

293 2123 390 2161 que3
416 2105 690 2156 videntesque,
719 2105 835 2153 Jurari
864 2103 905 2140 in
935 2102 1049 2141 verba
1077 2101 1235 2141 Antonii
1268 2114 1287 2139 a
1315 2101 1498 2140 militibus
1532 2104 1574 2144 ὃς

295 2173 510 2218 veteranis,
536 2179 699 2218 quorum
735 2178 894 2216 magnus
919 2164 1006 2203 sane
1034 2176 1213 2202 numerus
1237 2163 1285 2202 ad
1311 2174 1475 2202 veterem
1506 2165 1579 2203 du-

297 2248 383 2275 cem
411 2230 650 2276 recurrebat,
673 2228 740 2279 ipfi
767 2240 919 2278 quoque
947 2227 1123 2267 volentes
1153 2225 1432 2265 adstrinxerunt
1457 2226 1492 2265 se
1512 2228 1579 2276 ju-

297 2295 500 2347 rejurando
522 2323 534 2341 ,
560 2290 741 2330 benevolos
766 2291 926 2343 fidosque
959 2292 1015 2328 M.
1049 2289 1210 2328 Antonio
1244 2290 1379 2342 semper
1399 2288 1505 2340 [ονε.-
1538 2300 1579 2327 ut

297 2362 522 2402 mirarentur
546 2356 746 2404 homines,
770 2354 930 2394 ubinam
960 2353 1015 2392 illi
1036 2353 1205 2393 Romani
1233 2352 1374 2400 effent‚
1396 2352 1461 2403 qui
1485 2365 1579 2403 pau-

345 2489 368 2532 §
392 2489 429 2520 L.
455 2487 526 2520 Cic.
551 2486 589 2518 ad
615 2485 722 2518 Attic.
754 2483 812 2525 ’6,
833 2494 870 2523 ς,
895 2482 928 2514 δε
950 2482 1035 2514 Phil.
1065 2493 1108 2521 4,
1137 2491 1192 2522 45.
1214 2480 1359 2524 Appian.
1383 2479 1404 2523 §
1429 2479 1483 2512 LI.
1508 2479 1574 2522 Ap-

307 2535 397 2574 plin.
419 2533 491 2567 Cic.
511 2531 597 2564 Phil.
622 2542 662 2575 3,
689 2542 718 2576 3.
739 2526 813 2565 ἰὰν.
837 2526 927 2573 Epir.
949 2525 968 2572 ἓ
988 2527 1056 2560 Lll.
1077 2525 1148 2561 Cic.
1167 2525 1250 2561 Phil.
1268 2537 1281 2569 3
1296 2551 1305 2567 ‚
1330 2536 1388 2565 ιο,
1408 2523 1441 2558 ἃ
1467 2535 1526 2569 13,
1542 2534 1577 2568 9.
