1685 3042
228 236 308 283 IN
344 235 514 283 LOC.
561 232 704 278 LIB.
754 231 910 277 CXIX
945 233 1092 279 LIV.
1219 196 1331 298 *175

62 342 191 383 aientia
221 342 445 389 Ottaviani,
466 348 510 379 ut
535 351 615 377 rem
635 337 796 376 minime
824 336 977 376 facilem
1001 339 1102 388 tegi,
1128 339 1339 380 &Herum-

60 413 195 455 peret‚
222 407 393 444 omnium
431 403 677 442 alienaturam
712 400 885 449 animm,
911 400 1131 440 adolescens
1169 403 1337 443 necdum

63 468 150 508 satis
179 468 309 507 firmus
331 466 499 505 auderet.

131 529 317 569 XXVIII.
348 528 395 566 At
420 527 568 564 senatus
584 555 597 572 ,
623 524 749 563 donec
767 523 932 561 incertus
959 521 1050 562 belli
1071 525 1197 563 exitus
1223 525 1341 575 esset,

62 590 239 630 adversus
264 591 446 628 vietorem
488 587 556 626 fibi
593 586 874 637 providendum
913 585 1097 633 statuens,
1125 589 1344 626 extraordi-

61 653 168 691 naria
194 652 352 702 imperia
378 649 562 698 tollebat,
595 649 773 696 decreto,
803 663 844 686 ne
868 650 947 701 quis
969 648 1112 701 longius
1133 664 1251 687 annuo
1281 651 1345 687 im..

56 717 190 767 perium
211 716 399 753 obtineret:
424 727 490 752 neu
516 712 596 763 quis
616 725 705 747 unus
727 712 938 749 curationem
963 725 1122 750 armonae.
1154 721 1342 761 quantum

62 774 170 812 enim
203 772 252 811 ad
294 771 515 810 solvendam
552 769 832 820 rempublicam
872 769 1058 809 diuturnae
1097 773 1134 810 δε
1170 772 1346 811 solitariae

62 834 267 886 potestates
290 832 484 879 valerent,
508 831 640 870 multis
663 828 848 880 exemplis
869 839 1104 880 apparuerat.
1130 833 1183 871 ita
1206 846 1349 883 praeve-

65 894 141 932 niri
156 893 260 944 poss'e
277 894 462 943 putabant
481 904 570 930 eum
584 923 596 940 ,
610 892 673 942 qui
696 891 846 930 futurus
869 891 958 929 efl'et
978 891 1169 942 superior,
1188 905 1236 930 ne
1251 894 1348 937 quid

63 964 201 1007 praeter
236 956 344 995 solita
379 958 413 994 Sc
446 954 619 993 conceffa
653 953 800 1005 legibus
836 962 1060 1004 appeteret3
1090 951 1126 989 ἆ
1159 949 1347 990 invidiam

59 1017 251 1057 transferri
275 1018 316 1055 in
337 1019 506 1063 victum,
537 1018 646 1064 cujus
682 1014 862 1055 videlicet
890 1014 1081 1054 immitem
1106 1013 1141 1050 ἃ
1167 1012 1346 1052 ambitio-

62 1079 146 1118 sum
172 1079 345 1118 animum
377 1077 526 1116 senatus
552 1074 752 1116 timuiss'et.

127 1138 283 1177 XXIX.
319 1140 520 1183 Postquam
548 1139 597 1175 de
626 1132 781 1170 Antonii
810 1130 921 1170 clade
949 1131 1154 1182 rescitum,
1181 1134 1350 1176 resumto

63 1197 170 1249 pacis
194 1195 327 1234 habitu
347 1223 358 1240 ‚
379 1192 676 1243 supplicationes
704 1191 854 1229 dierum
877 1190 1073 1241 sexaginta
1104 1193 1274 1232 decretae.
1300 1197 1351 1234 Ac

63 1257 252 1306 Camillo,
269 1256 372 1305 Vejis
398 1256 540 1305 captis,
562 1252 856 1303 supplicationes
885 1252 924 1290 in
950 1255 1200 1302 quatriduum
1227 1257 1354 1307 primo

65 1322 240 1363 omnium
272 1319 432 1358 decretae
467 1316 618 1355 fuerant
642 1329 651 1355 :
690 1325 762 1352 nec
792 1313 897 1360 scio,
921 1327 968 1352 an
996 1314 1064 1354 ulli
1093 1325 1237 1356 temere
1264 1318 1356 1369 plu-

66 1385 170 1423 rium
199 1380 351 1420 dierum
377 1387 465 1418 ante
490 1378 745 1427 Pompejum,
770 1378 879 1425 cujus
907 1377 1170 1418 mithridatica
1198 1381 1355 1420 victoria

67 1444 278 1484 duodecim
311 1441 460 1480 dierum
483 1438 801 1489 supplicationem
827 1436 975 1477 habuit.
1001 1451 1095 1478 mox
1119 1440 1253 1480 Caesari
1275 1450 1354 1480 tres

69 1503 154 1547 dies
179 1505 330 1544 additi:
357 1502 557 1551 statimque
594 1513 683 1539 cum
708 1501 790 1549 ejus
816 1501 989 1549 potentia
1019 1501 1138 1540 crevit
1168 1502 1359 1543 adulatio.

68 1567 224 1609 Scilicet
241 1565 337 1603 nihil
363 1564 415 1602 est
441 1564 480 1601 in
506 1562 618 1600 rebus
642 1561 818 1600 humanis
844 1561 997 1611 stabile,
1022 1562 1105 1610 sed,
1129 1574 1171 1603 ut
1195 1578 1356 1616 quaeque

68 1632 118 1671 ab
141 1630 251 1668 initio
278 1627 480 1666 constituta
506 1625 613 1673 sunt,
640 1625 692 1663 ita
719 1625 839 1662 ferme
868 1625 915 1664 ab
952 1626 1163 1667 ambitione
1190 1631 1226 1668 ὃς
1253 1631 1357 1670 vani.

67 1701 148 1733 tate
171 1690 307 1730 absunt
330 1689 507 1737 longius:
541 1685 655 1737 paulo
679 1686 763 1736 post
788 1685 950 1726 inclinat
976 1687 1108 1727 sensim
1137 1703 1222 1730 mos
1251 1694 1360 1731 anri-

71 1766 195 1805 quus,
222 1753 312 1792 dein
338 1749 498 1788 solutius
521 1748 761 1807 prolabitur3
791 1748 916 1787 donec
945 1751 1102 1790 tandem
1125 1764 1215 1791 cum
1239 1755 1360 1804 impe

51 1824 114 1856 ‘tu
137 1824 243 1863 ruat,
273 1816 308 1854 &
333 1813 429 1852 ultra
457 1825 613 1851 omnem
639 1811 756 1850 finem
783 1812 1022 1862 modumque
1050 1814 1278 1864 profer-,atur

126 1847 263 1920 XXX.
301 1877 422 1928 Igitur
452 1888 574 1926 nuper
597 1875 730 1914 Cicero
760 1875 1036 1926 quinquaginta
1062 1877 1143 1916 dies
1173 1879 1361 1920 sententia

70 1939 139 1980 sua
166 1937 531 1990 comprehenderat,
563 1948 651 1974 cum
684 1935 919 1975 debellatum
949 1949 1020 1975 nec
1048 1936 1163 1987 esset,
1190 1952 1261 1978 nec
1284 1953 1366 1980 cre.

6 2039 9 2043 .
75 2002 248 2042 deretur:
285 2008 379 2050 quot
403 2011 529 2048 neque
551 1996 710 2037 Gallicis
737 2006 847 2036 antea
875 1996 983 2037 bellis
1001 2029 1011 2045 ‚
1039 2012 1161 2049 neque
1189 2002 1269 2041 aliis
1299 2004 1365 2041 de..

73 2070 219 2102 cretum
249 2073 418 2111 unquam
440 2060 576 2099 fuerat.
602 2059 705 2099 Tum
731 2072 820 2109 vero
843 2071 998 2109 propter
1030 2060 1206 2110 fugatum
1229 2076 1249 2101 a
1276 2064 1364 2103 Mu..

73 2125 157 2164 tina
179 2123 326 2162 hostem
351 2121 580 2162 decendium
609 2121 795 2160 additum.
815 2121 1023 2170 Antonius,
1047 2125 1189 2172 quique
1212 2136 1301 2163 cum
1316 2138 1365 2165 eo

73 2186 249 2234 fuerant⁷
275 2185 385 2224 bonis
411 2185 584 2224 omnium
616 2184 842 2234 publicatis,
875 2184 1000 2223 hostes
1023 2186 1208 2233 judicati3
1239 2186 1365 2236 deque

74 2249 121 2289 iis
144 2248 245 2288 bello
277 2247 547 2298 persequendis
568 2246 766 2286 sententiae
791 2247 912 2287 dietae.
943 2247 1051 2296 Quin
1079 2250 1114 2287 ἃ
1139 2250 1362 2298 decemviris,

76 2311 118 2349 in
147 2310 284 2361 quibus
311 2313 346 2350 ἃ
378 2310 513 2348 Cicero
552 2310 652 2355 fuit,
681 2318 861 2361 tanquam
895 2311 944 2349 ad
979 2312 1136 2360 praemia
1170 2310 1362 2350 militibus

68 2371 326 2423 ,persolvenda
355 2373 496 2420 creati,
523 2371 692 2411 edietum
721 2370 1021 2422 proposuerunt,
1045 2373 1098 2410 uti
1122 2372 1278 2424 qmffiuis
1297 2371 1365 2410 ali²

150 2489 171 2531 §
200 2487 339 2522 XXVII.
383 2488 467 2521 Dio.
496 2490 639 2522 Sueten.
662 2489 695 2520 in
716 2489 808 2533 Aug.
832 2488 943 2522 Tacit.
969 2489 1064 2521 Brut.
1087 2488 1127 2520 ad
1155 2488 1228 2521 Cic
1250 2499 1304 2531 ep.
1325 2488 1364 2525 62³

83 2533 109 2579 5
132 2533 257 2569 XXIX.
274 2533 347 2570 Cic.
361 2533 448 2569 Phil.
466 2544 576 2577 ¹4³¹·
594 2533 677 2571 Dio.
699 2532 775 2570 Liv.
796 2543 909 2578 5,23‚
929 2533 1014 2569 Caes.
1036 2533 1076 2567 de
1099 2532 1137 2566 B.
1157 2532 1202 2569 G,
1222 2542 1340 2577 2,35
