<?xml version="1.0" encoding="UTF-8"?>
<!DOCTYPE html PUBLIC "-//W3C//DTD XHTML 1.0 Transitional//EN"
    "http://www.w3.org/TR/xhtml1/DTD/xhtml1-transitional.dtd">
<html xmlns="http://www.w3.org/1999/xhtml" xml:lang="en" lang="en">
 <head>
  <title>
</title>
<meta http-equiv="Content-Type" content="text/html;charset=utf-8" />
  <meta name='ocr-system' content='tesseract 3.04.00' />
  <meta name='ocr-capabilities' content='ocr_page ocr_carea ocr_par ocr_line ocrx_word'/>
</head>
<body>
  <div class='ocr_page' id='page_1' title='image "./historiarumlibri11livyuoft_0132.png"; bbox 0 0 1685 3042; ppageno 0'>
   <div class='ocr_carea' id='block_1_1' title="bbox 300 221 1488 285">
    <p class='ocr_par' dir='ltr' id='par_1_1' title="bbox 300 221 1488 285">
     <span class='ocr_line' id='line_1_1' title="bbox 300 221 1488 285; baseline -0.004 -11"><span class='ocrx_word' id='word_1_1' title='bbox 300 238 399 285; x_wconf 74' lang='lat' dir='ltr'>v124</span> <span class='ocrx_word' id='word_1_2' title='bbox 471 222 1091 272; x_wconf 79' lang='lat' dir='ltr'>JO.FRE1NSHEM11</span> <span class='ocrx_word' id='word_1_3' title='bbox 1132 221 1404 269; x_wconf 65' lang='lat' dir='ltr'>suppra</span> <span class='ocrx_word' id='word_1_4' title='bbox 1420 221 1488 270; x_wconf 85' lang='lat' dir='ltr'>M.</span> 
     </span>
    </p>
   </div>
   <div class='ocr_carea' id='block_1_2' title="bbox 296 328 1592 2432">
    <p class='ocr_par' dir='ltr' id='par_1_2' title="bbox 296 328 1586 755">
     <span class='ocr_line' id='line_1_2' title="bbox 300 328 1584 382; baseline -0.002 -11"><span class='ocrx_word' id='word_1_5' title='bbox 300 339 410 372; x_wconf 87' lang='lat' dir='ltr'>erant</span> <span class='ocrx_word' id='word_1_6' title='bbox 440 331 661 380; x_wconf 84' lang='lat' dir='ltr'>collocatae,</span> <span class='ocrx_word' id='word_1_7' title='bbox 685 332 955 382; x_wconf 86' lang='lat' dir='ltr'>imperatorem</span> <span class='ocrx_word' id='word_1_8' title='bbox 985 330 1268 380; x_wconf 61' lang='lat' dir='ltr'>exspectantes,</span> <span class='ocrx_word' id='word_1_9' title='bbox 1299 342 1412 380; x_wconf 89' lang='lat' dir='ltr'>quem</span> <span class='ocrx_word' id='word_1_10' title='bbox 1435 328 1584 380; x_wconf 77' lang='lat' dir='ltr'>longin.¹</span> 
     </span>
     <span class='ocr_line' id='line_1_3' title="bbox 298 392 1575 446; baseline -0.002 -13"><span class='ocrx_word' id='word_1_11' title='bbox 298 407 395 445; x_wconf 90' lang='lat' dir='ltr'>quos</span> <span class='ocrx_word' id='word_1_12' title='bbox 419 393 543 434; x_wconf 83' lang='lat' dir='ltr'>hostes</span> <span class='ocrx_word' id='word_1_13' title='bbox 573 394 808 446; x_wconf 85' lang='lat' dir='ltr'>cogitantem</span> <span class='ocrx_word' id='word_1_14' title='bbox 834 394 988 433; x_wconf 82' lang='lat' dir='ltr'><strong>interim</strong></span> <span class='ocrx_word' id='word_1_15' title='bbox 1022 393 1228 432; x_wconf 88' lang='lat' dir='ltr'>domestica</span> <span class='ocrx_word' id='word_1_16' title='bbox 1253 393 1356 432; x_wconf 81' lang='lat' dir='ltr'>fraus</span> <span class='ocrx_word' id='word_1_17' title='bbox 1381 392 1575 433; x_wconf 81' lang='lat' dir='ltr'>absumse-</span> 
     </span>
     <span class='ocr_line' id='line_1_4' title="bbox 299 455 1584 507; baseline 0 -13"><span class='ocrx_word' id='word_1_18' title='bbox 299 465 371 495; x_wconf 78' lang='lat' dir='ltr'>rat.</span> <span class='ocrx_word' id='word_1_19' title='bbox 399 456 445 497; x_wconf 94' lang='lat' dir='ltr'>Id</span> <span class='ocrx_word' id='word_1_20' title='bbox 470 456 538 496; x_wconf 89' lang='lat' dir='ltr'>ubi</span> <span class='ocrx_word' id='word_1_21' title='bbox 564 464 806 507; x_wconf 90' lang='lat' dir='ltr'>compertum</span> <span class='ocrx_word' id='word_1_22' title='bbox 834 455 909 501; x_wconf 88' lang='lat' dir='ltr'>est,</span> <span class='ocrx_word' id='word_1_23' title='bbox 936 467 1005 505; x_wconf 91' lang='lat' dir='ltr'>pro</span> <span class='ocrx_word' id='word_1_24' title='bbox 1037 455 1239 493; x_wconf 79' lang='lat' dir='ltr'>atrocitate</span> <span class='ocrx_word' id='word_1_25' title='bbox 1266 455 1320 493; x_wconf 87' lang='lat' dir='ltr'>rei</span> <span class='ocrx_word' id='word_1_26' title='bbox 1353 455 1477 504; x_wconf 88' lang='lat' dir='ltr'>gravis</span> <span class='ocrx_word' id='word_1_27' title='bbox 1499 462 1584 494; x_wconf 75' lang='lat' dir='ltr'>orta</span> 
     </span>
     <span class='ocr_line' id='line_1_5' title="bbox 298 514 1585 567; baseline -0.002 -11"><span class='ocrx_word' id='word_1_28' title='bbox 298 518 554 557; x_wconf 88' lang='lat' dir='ltr'>consternatio</span> <span class='ocrx_word' id='word_1_29' title='bbox 572 548 584 567; x_wconf 91' lang='lat'>‚</span> <span class='ocrx_word' id='word_1_30' title='bbox 612 519 648 558; x_wconf 69' lang='grc' dir='ltr'>ἅτ,</span> <span class='ocrx_word' id='word_1_31' title='bbox 679 529 728 556; x_wconf 87' lang='lat' dir='ltr'>ex</span> <span class='ocrx_word' id='word_1_32' title='bbox 755 515 941 567; x_wconf 81' lang='lat' dir='ltr'>proximis</span> <span class='ocrx_word' id='word_1_33' title='bbox 968 514 1143 554; x_wconf 87' lang='lat' dir='ltr'>hibernis</span> <span class='ocrx_word' id='word_1_34' title='bbox 1171 514 1377 555; x_wconf 88' lang='lat' dir='ltr'>concursus</span> <span class='ocrx_word' id='word_1_35' title='bbox 1413 515 1585 554; x_wconf 85' lang='lat' dir='ltr'>tribuno-</span> 
     </span>
     <span class='ocr_line' id='line_1_6' title="bbox 296 576 1584 626; baseline -0.002 -10"><span class='ocrx_word' id='word_1_36' title='bbox 296 591 385 618; x_wconf 88' lang='lat' dir='ltr'>rum</span> <span class='ocrx_word' id='word_1_37' title='bbox 413 582 449 619; x_wconf 72' lang='grc' dir='ltr'>δε</span> <span class='ocrx_word' id='word_1_38' title='bbox 477 577 746 619; x_wconf 77' lang='lat' dir='ltr'>centurionum</span> <span class='ocrx_word' id='word_1_39' title='bbox 769 579 818 617; x_wconf 83' lang='lat' dir='ltr'>ad</span> <span class='ocrx_word' id='word_1_40' title='bbox 845 578 1052 618; x_wconf 67' lang='lat' dir='ltr'>Ostavium</span> <span class='ocrx_word' id='word_1_41' title='bbox 1074 577 1170 626; x_wconf 78' lang='lat' dir='ltr'>fuit,</span> <span class='ocrx_word' id='word_1_42' title='bbox 1208 577 1316 617; x_wconf 89' lang='lat' dir='ltr'>suam</span> <span class='ocrx_word' id='word_1_43' title='bbox 1341 576 1584 626; x_wconf 85' lang='lat' dir='ltr'>militumque</span> 
     </span>
     <span class='ocr_line' id='line_1_7' title="bbox 298 639 1586 693; baseline -0.001 -11"><span class='ocrx_word' id='word_1_44' title='bbox 298 656 456 693; x_wconf 85' lang='lat' dir='ltr'>operam</span> <span class='ocrx_word' id='word_1_45' title='bbox 480 643 722 683; x_wconf 82' lang='lat' dir='ltr'>offerentium</span> <span class='ocrx_word' id='word_1_46' title='bbox 739 657 750 691; x_wconf 81' lang='lat'><em>3</em></span> <span class='ocrx_word' id='word_1_47' title='bbox 770 654 840 680; x_wconf 89' lang='lat' dir='ltr'>nec</span> <span class='ocrx_word' id='word_1_48' title='bbox 860 641 1110 692; x_wconf 87' lang='lat' dir='ltr'>spernendam</span> <span class='ocrx_word' id='word_1_49' title='bbox 1137 641 1375 681; x_wconf 82' lang='lat' dir='ltr'>Salvidienus</span> <span class='ocrx_word' id='word_1_50' title='bbox 1402 642 1437 680; x_wconf 68' lang='grc' dir='ltr'>δε</span> <span class='ocrx_word' id='word_1_51' title='bbox 1452 639 1586 691; x_wconf 81' lang='lat' dir='ltr'>Agrip.-</span> 
     </span>
     <span class='ocr_line' id='line_1_8' title="bbox 297 702 1178 755; baseline -0.001 -11"><span class='ocrx_word' id='word_1_52' title='bbox 297 718 350 755; x_wconf 87' lang='lat' dir='ltr'>pa</span> <span class='ocrx_word' id='word_1_53' title='bbox 375 705 626 754; x_wconf 84' lang='lat' dir='ltr'>judicabant,</span> <span class='ocrx_word' id='word_1_54' title='bbox 650 704 856 754; x_wconf 75' lang='lat' dir='ltr'>aequalium</span> <span class='ocrx_word' id='word_1_55' title='bbox 888 702 1178 744; x_wconf 71' lang='lat' dir='ltr'>familiariffimi.</span> 
     </span>
    </p>

    <p class='ocr_par' dir='ltr' id='par_1_3' title="bbox 296 763 1590 1558">
     <span class='ocr_line' id='line_1_9' title="bbox 352 763 1582 818; baseline -0.004 -11"><span class='ocrx_word' id='word_1_56' title='bbox 352 767 416 809; x_wconf 89' lang='lat' dir='ltr'>IV.</span> <span class='ocrx_word' id='word_1_57' title='bbox 431 769 506 808; x_wconf 90' lang='lat' dir='ltr'>Sed</span> <span class='ocrx_word' id='word_1_58' title='bbox 531 767 633 818; x_wconf 86' lang='lat' dir='ltr'>ipse,</span> <span class='ocrx_word' id='word_1_59' title='bbox 661 767 752 805; x_wconf 87' lang='lat' dir='ltr'>licet</span> <span class='ocrx_word' id='word_1_60' title='bbox 775 766 815 804; x_wconf 87' lang='lat' dir='ltr'>in</span> <span class='ocrx_word' id='word_1_61' title='bbox 832 764 1041 816; x_wconf 83' lang='lat' dir='ltr'>puerilibus</span> <span class='ocrx_word' id='word_1_62' title='bbox 1062 767 1175 803; x_wconf 89' lang='lat' dir='ltr'>annis</span> <span class='ocrx_word' id='word_1_63' title='bbox 1201 764 1339 804; x_wconf 83' lang='lat' dir='ltr'>eximia</span> <span class='ocrx_word' id='word_1_64' title='bbox 1362 763 1582 814; x_wconf 77' lang='lat' dir='ltr'>prudentia,</span> 
     </span>
     <span class='ocr_line' id='line_1_10' title="bbox 297 827 1585 880; baseline -0.003 -12"><span class='ocrx_word' id='word_1_65' title='bbox 297 830 394 869; x_wconf 85' lang='lat' dir='ltr'>nihil</span> <span class='ocrx_word' id='word_1_66' title='bbox 420 831 569 880; x_wconf 82' lang='lat' dir='ltr'>moliri,</span> <span class='ocrx_word' id='word_1_67' title='bbox 588 844 713 870; x_wconf 88' lang='lat' dir='ltr'>rerum</span> <span class='ocrx_word' id='word_1_68' title='bbox 732 839 846 879; x_wconf 89' lang='lat' dir='ltr'>atque</span> <span class='ocrx_word' id='word_1_69' title='bbox 869 828 1085 867; x_wconf 86' lang='lat' dir='ltr'>animorum</span> <span class='ocrx_word' id='word_1_70' title='bbox 1112 827 1354 877; x_wconf 82' lang='lat' dir='ltr'>incomperto</span> <span class='ocrx_word' id='word_1_71' title='bbox 1378 827 1487 874; x_wconf 78' lang='lat' dir='ltr'>statu,</span> <span class='ocrx_word' id='word_1_72' title='bbox 1506 838 1585 864; x_wconf 90' lang='lat' dir='ltr'>cer-</span> 
     </span>
     <span class='ocr_line' id='line_1_11' title="bbox 296 888 1584 943; baseline -0.005 -11"><span class='ocrx_word' id='word_1_73' title='bbox 296 901 384 940; x_wconf 85' lang='lat' dir='ltr'>tus,</span> <span class='ocrx_word' id='word_1_74' title='bbox 408 894 458 932; x_wconf 87' lang='lat' dir='ltr'>ad</span> <span class='ocrx_word' id='word_1_75' title='bbox 485 893 619 932; x_wconf 89' lang='lat' dir='ltr'>urbem</span> <span class='ocrx_word' id='word_1_76' title='bbox 645 893 865 943; x_wconf 85' lang='lat' dir='ltr'>properavit</span> <span class='ocrx_word' id='word_1_77' title='bbox 887 907 897 931; x_wconf 90' lang='lat'>:</span> <span class='ocrx_word' id='word_1_78' title='bbox 932 890 1062 929; x_wconf 88' lang='lat' dir='ltr'>matris</span> <span class='ocrx_word' id='word_1_79' title='bbox 1088 889 1241 940; x_wconf 83' lang='lat' dir='ltr'>insuper</span> <span class='ocrx_word' id='word_1_80' title='bbox 1271 892 1306 929; x_wconf 71' lang='grc' dir='ltr'>δε</span> <span class='ocrx_word' id='word_1_81' title='bbox 1333 888 1501 939; x_wconf 78' lang='lat' dir='ltr'>Philippi</span> <span class='ocrx_word' id='word_1_82' title='bbox 1528 888 1584 927; x_wconf 89' lang='lat' dir='ltr'>vi-</span> 
     </span>
     <span class='ocr_line' id='line_1_12' title="bbox 298 951 1583 1005; baseline -0.002 -13"><span class='ocrx_word' id='word_1_83' title='bbox 298 955 385 993; x_wconf 88' lang='lat' dir='ltr'>trici</span> <span class='ocrx_word' id='word_1_84' title='bbox 419 955 537 994; x_wconf 85' lang='lat' dir='ltr'>literis</span> <span class='ocrx_word' id='word_1_85' title='bbox 571 955 843 1003; x_wconf 86' lang='lat' dir='ltr'>confirmatus,</span> <span class='ocrx_word' id='word_1_86' title='bbox 870 952 1007 1005; x_wconf 87' lang='lat' dir='ltr'>quibus</span> <span class='ocrx_word' id='word_1_87' title='bbox 1043 954 1178 992; x_wconf 88' lang='lat' dir='ltr'>eadem</span> <span class='ocrx_word' id='word_1_88' title='bbox 1207 951 1426 1003; x_wconf 83' lang='lat' dir='ltr'>placebant.</span> <span class='ocrx_word' id='word_1_89' title='bbox 1459 951 1583 1002; x_wconf 85' lang='lat' dir='ltr'>Igitur</span> 
     </span>
     <span class='ocr_line' id='line_1_13' title="bbox 298 1013 1586 1066; baseline -0.002 -13"><span class='ocrx_word' id='word_1_90' title='bbox 298 1018 457 1064; x_wconf 67' lang='lat' dir='ltr'>trajecto</span> <span class='ocrx_word' id='word_1_91' title='bbox 482 1017 680 1056; x_wconf 87' lang='lat' dir='ltr'>Adriatico</span> <span class='ocrx_word' id='word_1_92' title='bbox 709 1016 802 1055; x_wconf 86' lang='lat' dir='ltr'>mari</span> <span class='ocrx_word' id='word_1_93' title='bbox 826 1015 990 1066; x_wconf 88' lang='lat' dir='ltr'>Lupiam</span> <span class='ocrx_word' id='word_1_94' title='bbox 1017 1014 1154 1065; x_wconf 88' lang='lat' dir='ltr'>petiit,</span> <span class='ocrx_word' id='word_1_95' title='bbox 1183 1015 1441 1064; x_wconf 79' lang='lat' dir='ltr'>propinquum</span> <span class='ocrx_word' id='word_1_96' title='bbox 1466 1013 1586 1052; x_wconf 88' lang='lat' dir='ltr'>Brun-</span> 
     </span>
     <span class='ocr_line' id='line_1_14' title="bbox 299 1071 1586 1127; baseline -0.003 -13"><span class='ocrx_word' id='word_1_97' title='bbox 299 1075 406 1114; x_wconf 82' lang='lat' dir='ltr'>dufio</span> <span class='ocrx_word' id='word_1_98' title='bbox 437 1077 652 1127; x_wconf 78' lang='lat' dir='ltr'>oppidum,</span> <span class='ocrx_word' id='word_1_99' title='bbox 685 1077 851 1115; x_wconf 87' lang='lat' dir='ltr'>incertus</span> <span class='ocrx_word' id='word_1_100' title='bbox 877 1074 1033 1122; x_wconf 85' lang='lat' dir='ltr'>adhuc,</span> <span class='ocrx_word' id='word_1_101' title='bbox 1069 1074 1398 1123; x_wconf 84' lang='lat' dir='ltr'>quemadmodum</span> <span class='ocrx_word' id='word_1_102' title='bbox 1424 1071 1586 1112; x_wconf 85' lang='lat' dir='ltr'>animati</span> 
     </span>
     <span class='ocr_line' id='line_1_15' title="bbox 299 1134 1581 1189; baseline -0.004 -12"><span class='ocrx_word' id='word_1_103' title='bbox 299 1138 440 1177; x_wconf 69' lang='lat' dir='ltr'>milites</span> <span class='ocrx_word' id='word_1_104' title='bbox 470 1138 607 1187; x_wconf 85' lang='lat' dir='ltr'>effent,</span> <span class='ocrx_word' id='word_1_105' title='bbox 636 1139 702 1188; x_wconf 89' lang='lat' dir='ltr'>qui</span> <span class='ocrx_word' id='word_1_106' title='bbox 739 1152 786 1177; x_wconf 92' lang='lat' dir='ltr'>eo</span> <span class='ocrx_word' id='word_1_107' title='bbox 809 1136 985 1189; x_wconf 84' lang='lat' dir='ltr'>praemiffi</span> <span class='ocrx_word' id='word_1_108' title='bbox 1015 1149 1036 1175; x_wconf 84' lang='lat' dir='ltr'>a</span> <span class='ocrx_word' id='word_1_109' title='bbox 1071 1135 1212 1175; x_wconf 83' lang='lat' dir='ltr'>Caesare</span> <span class='ocrx_word' id='word_1_110' title='bbox 1241 1136 1403 1174; x_wconf 85' lang='lat' dir='ltr'>fuerant.</span> <span class='ocrx_word' id='word_1_111' title='bbox 1441 1134 1500 1174; x_wconf 80' lang='lat' dir='ltr'>lbi</span> <span class='ocrx_word' id='word_1_112' title='bbox 1532 1134 1581 1172; x_wconf 89' lang='lat' dir='ltr'>de</span> 
     </span>
     <span class='ocr_line' id='line_1_16' title="bbox 298 1192 1583 1248; baseline -0.003 -11"><span class='ocrx_word' id='word_1_113' title='bbox 298 1199 524 1239; x_wconf 81' lang='lat' dir='ltr'>testamento</span> <span class='ocrx_word' id='word_1_114' title='bbox 555 1199 707 1240; x_wconf 82' lang='lat' dir='ltr'>Caesaris</span> <span class='ocrx_word' id='word_1_115' title='bbox 741 1202 778 1239; x_wconf 72' lang='grc' dir='ltr'><strong>ἃ</strong></span> <span class='ocrx_word' id='word_1_116' title='bbox 813 1199 1025 1248; x_wconf 84' lang='lat' dir='ltr'>adoptione</span> <span class='ocrx_word' id='word_1_117' title='bbox 1056 1197 1141 1245; x_wconf 87' lang='lat' dir='ltr'>sua,</span> <span class='ocrx_word' id='word_1_118' title='bbox 1170 1198 1340 1247; x_wconf 82' lang='lat' dir='ltr'>itemque</span> <span class='ocrx_word' id='word_1_119' title='bbox 1367 1192 1501 1246; x_wconf 83' lang='lat' dir='ltr'>populi</span> <span class='ocrx_word' id='word_1_120' title='bbox 1530 1194 1583 1234; x_wconf 91' lang='lat' dir='ltr'>ob</span> 
     </span>
     <span class='ocr_line' id='line_1_17' title="bbox 299 1253 1586 1309; baseline -0.003 -10"><span class='ocrx_word' id='word_1_121' title='bbox 299 1253 545 1301; x_wconf 63' lang='lat' dir='ltr'>interfectum</span> <span class='ocrx_word' id='word_1_122' title='bbox 562 1262 744 1301; x_wconf 68' lang='lat' dir='ltr'>Caesarem</span> <span class='ocrx_word' id='word_1_123' title='bbox 767 1260 901 1300; x_wconf 90' lang='lat' dir='ltr'>dolore</span> <span class='ocrx_word' id='word_1_124' title='bbox 922 1261 1044 1300; x_wconf 64' lang='lat' dir='ltr'>faetus</span> <span class='ocrx_word' id='word_1_125' title='bbox 1065 1258 1224 1306; x_wconf 86' lang='lat' dir='ltr'>certior,</span> <span class='ocrx_word' id='word_1_126' title='bbox 1251 1270 1483 1309; x_wconf 86' lang='lat' dir='ltr'>quamquam</span> <span class='ocrx_word' id='word_1_127' title='bbox 1499 1269 1586 1307; x_wconf 89' lang='lat' dir='ltr'>pro-</span> 
     </span>
     <span class='ocr_line' id='line_1_18' title="bbox 300 1319 1590 1373; baseline -0.002 -13"><span class='ocrx_word' id='word_1_128' title='bbox 300 1323 453 1373; x_wconf 86' lang='lat' dir='ltr'>pinquis</span> <span class='ocrx_word' id='word_1_129' title='bbox 477 1321 795 1370; x_wconf 63' lang='lat' dir='ltr'>dissuadentibus,</span> <span class='ocrx_word' id='word_1_130' title='bbox 811 1334 965 1360; x_wconf 83' lang='lat' dir='ltr'>cernere</span> <span class='ocrx_word' id='word_1_131' title='bbox 987 1320 1242 1359; x_wconf 83' lang='lat' dir='ltr'>hereditatem</span> <span class='ocrx_word' id='word_1_132' title='bbox 1267 1319 1416 1358; x_wconf 73' lang='lat' dir='ltr'>statuit:</span> <span class='ocrx_word' id='word_1_133' title='bbox 1435 1320 1470 1357; x_wconf 69' lang='grc' dir='ltr'>ἅ</span> <span class='ocrx_word' id='word_1_134' title='bbox 1492 1330 1590 1368; x_wconf 84' lang='lat' dir='ltr'>prae-</span> 
     </span>
     <span class='ocr_line' id='line_1_19' title="bbox 301 1378 1585 1435; baseline -0.003 -12"><span class='ocrx_word' id='word_1_135' title='bbox 301 1385 442 1432; x_wconf 75' lang='lat' dir='ltr'>millis,</span> <span class='ocrx_word' id='word_1_136' title='bbox 473 1387 539 1435; x_wconf 90' lang='lat' dir='ltr'>qui</span> <span class='ocrx_word' id='word_1_137' title='bbox 568 1383 877 1435; x_wconf 85' lang='lat' dir='ltr'>specularentur,</span> <span class='ocrx_word' id='word_1_138' title='bbox 903 1395 1048 1420; x_wconf 82' lang='lat' dir='ltr'>numne</span> <span class='ocrx_word' id='word_1_139' title='bbox 1081 1381 1216 1431; x_wconf 87' lang='lat' dir='ltr'>aliquis</span> <span class='ocrx_word' id='word_1_140' title='bbox 1252 1394 1298 1419; x_wconf 79' lang='lat' dir='ltr'>ex</span> <span class='ocrx_word' id='word_1_141' title='bbox 1324 1378 1585 1431; x_wconf 78' lang='lat' dir='ltr'>percussorum</span> 
     </span>
     <span class='ocr_line' id='line_1_20' title="bbox 301 1443 1587 1496; baseline -0.001 -13"><span class='ocrx_word' id='word_1_142' title='bbox 301 1459 462 1484; x_wconf 86' lang='lat' dir='ltr'>numero</span> <span class='ocrx_word' id='word_1_143' title='bbox 474 1475 484 1494; x_wconf 78' lang='lat'>,</span> <span class='ocrx_word' id='word_1_144' title='bbox 502 1446 567 1484; x_wconf 81' lang='lat' dir='ltr'>{ibi</span> <span class='ocrx_word' id='word_1_145' title='bbox 591 1459 744 1496; x_wconf 84' lang='lat' dir='ltr'>quoque</span> <span class='ocrx_word' id='word_1_146' title='bbox 762 1446 990 1484; x_wconf 82' lang='lat' dir='ltr'>metuendus</span> <span class='ocrx_word' id='word_1_147' title='bbox 1002 1475 1012 1493; x_wconf 90' lang='lat'>‚</span> <span class='ocrx_word' id='word_1_148' title='bbox 1030 1444 1228 1484; x_wconf 80' lang='lat' dir='ltr'>Brundufii</span> <span class='ocrx_word' id='word_1_149' title='bbox 1252 1443 1344 1483; x_wconf 68' lang='lat' dir='ltr'>esset</span> <span class='ocrx_word' id='word_1_150' title='bbox 1356 1473 1367 1492; x_wconf 90' lang='lat'>,</span> <span class='ocrx_word' id='word_1_151' title='bbox 1384 1443 1587 1494; x_wconf 86' lang='lat' dir='ltr'>postquam</span> 
     </span>
     <span class='ocr_line' id='line_1_21' title="bbox 302 1506 1254 1558; baseline -0.001 -12"><span class='ocrx_word' id='word_1_152' title='bbox 302 1511 437 1548; x_wconf 67' lang='lat' dir='ltr'>omnia</span> <span class='ocrx_word' id='word_1_153' title='bbox 462 1517 544 1547; x_wconf 89' lang='lat' dir='ltr'>tuta</span> <span class='ocrx_word' id='word_1_154' title='bbox 571 1509 778 1558; x_wconf 82' lang='lat' dir='ltr'>cognovit,</span> <span class='ocrx_word' id='word_1_155' title='bbox 801 1508 941 1545; x_wconf 87' lang='lat' dir='ltr'>eodem</span> <span class='ocrx_word' id='word_1_156' title='bbox 968 1507 1163 1557; x_wconf 62' lang='lat' dir='ltr'>profectus</span> <span class='ocrx_word' id='word_1_157' title='bbox 1191 1506 1254 1545; x_wconf 86' lang='lat' dir='ltr'>est.</span> 
     </span>
    </p>

    <p class='ocr_par' dir='ltr' id='par_1_4' title="bbox 301 1566 1592 2181">
     <span class='ocr_line' id='line_1_22' title="bbox 355 1566 1590 1619; baseline -0.004 -8"><span class='ocrx_word' id='word_1_158' title='bbox 355 1571 400 1611; x_wconf 89' lang='lat' dir='ltr'>V.</span> <span class='ocrx_word' id='word_1_159' title='bbox 425 1571 633 1612; x_wconf 85' lang='lat' dir='ltr'>Exiverunt</span> <span class='ocrx_word' id='word_1_160' title='bbox 659 1570 812 1609; x_wconf 88' lang='lat' dir='ltr'>obviam</span> <span class='ocrx_word' id='word_1_161' title='bbox 835 1569 1027 1619; x_wconf 73' lang='lat' dir='ltr'>legiones,</span> <span class='ocrx_word' id='word_1_162' title='bbox 1052 1581 1269 1619; x_wconf 78' lang='lat' dir='ltr'>magnaque</span> <span class='ocrx_word' id='word_1_163' title='bbox 1289 1576 1496 1618; x_wconf 84' lang='lat' dir='ltr'>exceptum</span> <span class='ocrx_word' id='word_1_164' title='bbox 1523 1566 1590 1606; x_wconf 81' lang='lat' dir='ltr'>lae-</span> 
     </span>
     <span class='ocr_line' id='line_1_23' title="bbox 304 1628 1591 1685; baseline -0.004 -12"><span class='ocrx_word' id='word_1_165' title='bbox 304 1634 391 1674; x_wconf 83' lang='lat' dir='ltr'>titia</span> <span class='ocrx_word' id='word_1_166' title='bbox 414 1635 454 1673; x_wconf 92' lang='lat' dir='ltr'>in</span> <span class='ocrx_word' id='word_1_167' title='bbox 478 1633 664 1685; x_wconf 87' lang='lat' dir='ltr'>oppidum</span> <span class='ocrx_word' id='word_1_168' title='bbox 695 1632 948 1671; x_wconf 80' lang='lat' dir='ltr'>deduxerunt.</span> <span class='ocrx_word' id='word_1_169' title='bbox 981 1631 1086 1670; x_wconf 82' lang='lat' dir='ltr'>Hinc</span> <span class='ocrx_word' id='word_1_170' title='bbox 1103 1630 1168 1669; x_wconf 90' lang='lat' dir='ltr'>ille</span> <span class='ocrx_word' id='word_1_171' title='bbox 1189 1628 1459 1678; x_wconf 85' lang='lat' dir='ltr'>confirmatus,</span> <span class='ocrx_word' id='word_1_172' title='bbox 1486 1629 1591 1669; x_wconf 90' lang='lat' dir='ltr'>adire</span> 
     </span>
     <span class='ocr_line' id='line_1_24' title="bbox 302 1690 1592 1740; baseline -0.005 -5"><span class='ocrx_word' id='word_1_173' title='bbox 302 1697 558 1737; x_wconf 84' lang='lat' dir='ltr'>hereditatem</span> <span class='ocrx_word' id='word_1_174' title='bbox 587 1697 622 1736; x_wconf 85' lang='lat'>&amp;</span> <span class='ocrx_word' id='word_1_175' title='bbox 647 1707 792 1734; x_wconf 89' lang='lat' dir='ltr'>nomen</span> <span class='ocrx_word' id='word_1_176' title='bbox 818 1693 1026 1734; x_wconf 86' lang='lat' dir='ltr'>adsciscere</span> <span class='ocrx_word' id='word_1_177' title='bbox 1055 1692 1209 1733; x_wconf 78' lang='lat' dir='ltr'>Caesaris</span> <span class='ocrx_word' id='word_1_178' title='bbox 1231 1705 1309 1731; x_wconf 90' lang='lat' dir='ltr'>non</span> <span class='ocrx_word' id='word_1_179' title='bbox 1333 1690 1497 1740; x_wconf 83' lang='lat' dir='ltr'>distulit,</span> <span class='ocrx_word' id='word_1_180' title='bbox 1518 1690 1592 1730; x_wconf 86' lang='lat' dir='ltr'>hu·</span> 
     </span>
     <span class='ocr_line' id='line_1_25' title="bbox 302 1751 1591 1807; baseline -0.005 -10"><span class='ocrx_word' id='word_1_181' title='bbox 302 1757 436 1807; x_wconf 81' lang='lat' dir='ltr'>jusque</span> <span class='ocrx_word' id='word_1_182' title='bbox 462 1758 593 1796; x_wconf 85' lang='lat' dir='ltr'>favore</span> <span class='ocrx_word' id='word_1_183' title='bbox 630 1768 774 1806; x_wconf 85' lang='lat' dir='ltr'>paucos</span> <span class='ocrx_word' id='word_1_184' title='bbox 810 1756 906 1793; x_wconf 89' lang='lat' dir='ltr'>intra</span> <span class='ocrx_word' id='word_1_185' title='bbox 941 1754 1024 1793; x_wconf 87' lang='lat' dir='ltr'>dies</span> <span class='ocrx_word' id='word_1_186' title='bbox 1061 1755 1096 1794; x_wconf 68' lang='grc' dir='ltr'>ὃ(</span> <span class='ocrx_word' id='word_1_187' title='bbox 1123 1753 1275 1793; x_wconf 83' lang='lat' dir='ltr'>firmam</span> <span class='ocrx_word' id='word_1_188' title='bbox 1312 1751 1479 1792; x_wconf 90' lang='lat' dir='ltr'>militum</span> <span class='ocrx_word' id='word_1_189' title='bbox 1503 1765 1591 1792; x_wconf 88' lang='lat' dir='ltr'>ma-</span> 
     </span>
     <span class='ocr_line' id='line_1_26' title="bbox 301 1813 1589 1870; baseline -0.005 -12"><span class='ocrx_word' id='word_1_190' title='bbox 301 1833 396 1858; x_wconf 87' lang='lat' dir='ltr'>num</span> <span class='ocrx_word' id='word_1_191' title='bbox 412 1850 423 1866; x_wconf 83' lang='lat'>,</span> <span class='ocrx_word' id='word_1_192' title='bbox 451 1821 487 1859; x_wconf 78' lang='lat'>&amp;</span> <span class='ocrx_word' id='word_1_193' title='bbox 514 1819 688 1870; x_wconf 61' lang='lat' dir='ltr'>pecuniae</span> <span class='ocrx_word' id='word_1_194' title='bbox 708 1818 784 1856; x_wconf 90' lang='lat' dir='ltr'>vim</span> <span class='ocrx_word' id='word_1_195' title='bbox 810 1816 917 1856; x_wconf 86' lang='lat' dir='ltr'>haud</span> <span class='ocrx_word' id='word_1_196' title='bbox 941 1815 1194 1867; x_wconf 88' lang='lat' dir='ltr'>spernendam</span> <span class='ocrx_word' id='word_1_197' title='bbox 1218 1816 1380 1865; x_wconf 85' lang='lat' dir='ltr'>adeptus</span> <span class='ocrx_word' id='word_1_198' title='bbox 1399 1813 1470 1862; x_wconf 81' lang='lat' dir='ltr'>est3</span> <span class='ocrx_word' id='word_1_199' title='bbox 1495 1826 1589 1852; x_wconf 85' lang='lat' dir='ltr'>con-</span> 
     </span>
     <span class='ocr_line' id='line_1_27' title="bbox 301 1876 1588 1932; baseline -0.005 -10"><span class='ocrx_word' id='word_1_200' title='bbox 301 1882 509 1922; x_wconf 85' lang='lat' dir='ltr'>fluentibus</span> <span class='ocrx_word' id='word_1_201' title='bbox 538 1882 587 1921; x_wconf 87' lang='lat' dir='ltr'>ad</span> <span class='ocrx_word' id='word_1_202' title='bbox 616 1894 730 1930; x_wconf 86' lang='lat' dir='ltr'>eum,</span> <span class='ocrx_word' id='word_1_203' title='bbox 763 1881 826 1932; x_wconf 86' lang='lat' dir='ltr'>qui</span> <span class='ocrx_word' id='word_1_204' title='bbox 855 1879 1061 1931; x_wconf 70' lang='lat' dir='ltr'>profecturi</span> <span class='ocrx_word' id='word_1_205' title='bbox 1089 1878 1302 1919; x_wconf 72' lang='lat' dir='ltr'>Brundusio</span> <span class='ocrx_word' id='word_1_206' title='bbox 1337 1877 1377 1916; x_wconf 89' lang='lat' dir='ltr'>in</span> <span class='ocrx_word' id='word_1_207' title='bbox 1400 1876 1588 1917; x_wconf 86' lang='lat' dir='ltr'>Macedo-</span> 
     </span>
     <span class='ocr_line' id='line_1_28' title="bbox 302 1937 1591 1994; baseline -0.007 -9"><span class='ocrx_word' id='word_1_208' title='bbox 302 1945 407 1986; x_wconf 84' lang='lat' dir='ltr'>niam</span> <span class='ocrx_word' id='word_1_209' title='bbox 432 1945 609 1992; x_wconf 78' lang='lat' dir='ltr'>fuerant,</span> <span class='ocrx_word' id='word_1_210' title='bbox 634 1944 774 1994; x_wconf 86' lang='lat' dir='ltr'>quique</span> <span class='ocrx_word' id='word_1_211' title='bbox 795 1955 884 1982; x_wconf 88' lang='lat' dir='ltr'>cum</span> <span class='ocrx_word' id='word_1_212' title='bbox 910 1954 982 1982; x_wconf 85' lang='lat' dir='ltr'>aere</span> <span class='ocrx_word' id='word_1_213' title='bbox 1007 1940 1165 1992; x_wconf 87' lang='lat' dir='ltr'>publico</span> <span class='ocrx_word' id='word_1_214' title='bbox 1191 1939 1399 1978; x_wconf 86' lang='lat' dir='ltr'>veniebant</span> <span class='ocrx_word' id='word_1_215' title='bbox 1427 1951 1448 1978; x_wconf 94' lang='lat' dir='ltr'>e</span> <span class='ocrx_word' id='word_1_216' title='bbox 1473 1937 1591 1977; x_wconf 81' lang='lat' dir='ltr'>trans-</span> 
     </span>
     <span class='ocr_line' id='line_1_29' title="bbox 301 2000 1589 2056; baseline -0.004 -11"><span class='ocrx_word' id='word_1_217' title='bbox 301 2007 458 2046; x_wconf 85' lang='lat' dir='ltr'>marinis</span> <span class='ocrx_word' id='word_1_218' title='bbox 486 2006 701 2056; x_wconf 76' lang='lat' dir='ltr'>provinciis.</span> <span class='ocrx_word' id='word_1_219' title='bbox 738 2005 833 2045; x_wconf 81' lang='lat' dir='ltr'>Satis</span> <span class='ocrx_word' id='word_1_220' title='bbox 860 2004 952 2043; x_wconf 82' lang='lat' dir='ltr'>hinc</span> <span class='ocrx_word' id='word_1_221' title='bbox 981 2004 1149 2043; x_wconf 86' lang='lat' dir='ltr'>munitus</span> <span class='ocrx_word' id='word_1_222' title='bbox 1175 2000 1352 2042; x_wconf 85' lang='lat' dir='ltr'>adversus</span> <span class='ocrx_word' id='word_1_223' title='bbox 1378 2001 1457 2041; x_wconf 89' lang='lat' dir='ltr'>vim</span> <span class='ocrx_word' id='word_1_224' title='bbox 1483 2013 1589 2052; x_wconf 87' lang='lat' dir='ltr'>aper-</span> 
     </span>
     <span class='ocr_line' id='line_1_30' title="bbox 302 2063 1588 2117; baseline -0.005 -10"><span class='ocrx_word' id='word_1_225' title='bbox 302 2077 412 2115; x_wconf 86' lang='lat' dir='ltr'>tam,</span> <span class='ocrx_word' id='word_1_226' title='bbox 444 2068 508 2107; x_wconf 85' lang='lat' dir='ltr'>sed</span> <span class='ocrx_word' id='word_1_227' title='bbox 542 2076 582 2106; x_wconf 92' lang='lat' dir='ltr'>ut</span> <span class='ocrx_word' id='word_1_228' title='bbox 613 2068 651 2106; x_wconf 89' lang='lat' dir='ltr'>in</span> <span class='ocrx_word' id='word_1_229' title='bbox 679 2080 779 2106; x_wconf 86' lang='lat' dir='ltr'>nova</span> <span class='ocrx_word' id='word_1_230' title='bbox 813 2066 984 2105; x_wconf 87' lang='lat' dir='ltr'>amicitia</span> <span class='ocrx_word' id='word_1_231' title='bbox 1009 2066 1223 2117; x_wconf 62' lang='lat' dir='ltr'>suspectans</span> <span class='ocrx_word' id='word_1_232' title='bbox 1256 2063 1366 2111; x_wconf 85' lang='lat' dir='ltr'>suos,</span> <span class='ocrx_word' id='word_1_233' title='bbox 1401 2075 1491 2102; x_wconf 87' lang='lat' dir='ltr'>cum</span> <span class='ocrx_word' id='word_1_234' title='bbox 1516 2063 1588 2102; x_wconf 83' lang='lat' dir='ltr'>fre·</span> 
     </span>
     <span class='ocr_line' id='line_1_31' title="bbox 304 2128 1017 2181; baseline -0.001 -12"><span class='ocrx_word' id='word_1_235' title='bbox 304 2131 437 2181; x_wconf 88' lang='lat' dir='ltr'>quenti</span> <span class='ocrx_word' id='word_1_236' title='bbox 461 2130 646 2169; x_wconf 87' lang='lat' dir='ltr'>comitatu</span> <span class='ocrx_word' id='word_1_237' title='bbox 671 2128 858 2180; x_wconf 82' lang='lat' dir='ltr'>proficisci</span> <span class='ocrx_word' id='word_1_238' title='bbox 885 2130 1017 2179; x_wconf 85' lang='lat' dir='ltr'>coepit.</span> 
     </span>
    </p>

    <p class='ocr_par' dir='ltr' id='par_1_5' title="bbox 302 2184 1589 2432">
     <span class='ocr_line' id='line_1_32' title="bbox 357 2184 1586 2242; baseline -0.006 -11"><span class='ocrx_word' id='word_1_239' title='bbox 357 2191 422 2231; x_wconf 80' lang='lat' dir='ltr'>VI.</span> <span class='ocrx_word' id='word_1_240' title='bbox 458 2191 758 2242; x_wconf 83' lang='lat' dir='ltr'>Municipiorum</span> <span class='ocrx_word' id='word_1_241' title='bbox 795 2204 874 2230; x_wconf 90' lang='lat' dir='ltr'>non</span> <span class='ocrx_word' id='word_1_242' title='bbox 907 2200 987 2231; x_wconf 78' lang='lat' dir='ltr'>erat</span> <span class='ocrx_word' id='word_1_243' title='bbox 1017 2190 1192 2230; x_wconf 88' lang='lat' dir='ltr'>omnium</span> <span class='ocrx_word' id='word_1_244' title='bbox 1225 2187 1327 2226; x_wconf 91' lang='lat' dir='ltr'>idem</span> <span class='ocrx_word' id='word_1_245' title='bbox 1358 2186 1491 2227; x_wconf 79' lang='lat' dir='ltr'>favor:</span> <span class='ocrx_word' id='word_1_246' title='bbox 1519 2184 1586 2225; x_wconf 89' lang='lat' dir='ltr'>sed</span> 
     </span>
     <span class='ocr_line' id='line_1_33' title="bbox 303 2249 1586 2306; baseline -0.008 -10"><span class='ocrx_word' id='word_1_247' title='bbox 303 2265 571 2296; x_wconf 79' lang='lat' dir='ltr'>veteranorum</span> <span class='ocrx_word' id='word_1_248' title='bbox 591 2256 734 2306; x_wconf 86' lang='lat' dir='ltr'>ubique</span> <span class='ocrx_word' id='word_1_249' title='bbox 754 2254 899 2294; x_wconf 86' lang='lat' dir='ltr'>summa</span> <span class='ocrx_word' id='word_1_250' title='bbox 921 2254 1062 2301; x_wconf 81' lang='lat' dir='ltr'>studia,</span> <span class='ocrx_word' id='word_1_251' title='bbox 1077 2252 1253 2292; x_wconf 58' lang='lat' dir='ltr'>vindictae</span> <span class='ocrx_word' id='word_1_252' title='bbox 1269 2250 1303 2290; x_wconf 90' lang='lat' dir='ltr'>se</span> <span class='ocrx_word' id='word_1_253' title='bbox 1318 2249 1586 2296; x_wconf 73' lang='lat' dir='ltr'>offerentium,</span> 
     </span>
     <span class='ocr_line' id='line_1_34' title="bbox 305 2309 1589 2369; baseline -0.008 -13"><span class='ocrx_word' id='word_1_254' title='bbox 305 2317 636 2367; x_wconf 77' lang='lat' dir='ltr'>incusantiumque</span> <span class='ocrx_word' id='word_1_255' title='bbox 663 2317 909 2369; x_wconf 72' lang='lat' dir='ltr'>negligentiam</span> <span class='ocrx_word' id='word_1_256' title='bbox 942 2314 1124 2360; x_wconf 82' lang='lat' dir='ltr'>Antonii,</span> <span class='ocrx_word' id='word_1_257' title='bbox 1163 2313 1221 2365; x_wconf 83' lang='lat' dir='ltr'>qui</span> <span class='ocrx_word' id='word_1_258' title='bbox 1243 2310 1500 2364; x_wconf 62' lang='lat' dir='ltr'>ftequliſjimum</span> <span class='ocrx_word' id='word_1_259' title='bbox 1524 2309 1589 2362; x_wconf 82' lang='lat' dir='ltr'>sa-</span> 
     </span>
     <span class='ocr_line' id='line_1_35' title="bbox 302 2375 1587 2432; baseline -0.009 -11"><span class='ocrx_word' id='word_1_260' title='bbox 302 2383 405 2421; x_wconf 77' lang='lat' dir='ltr'>cinus</span> <span class='ocrx_word' id='word_1_261' title='bbox 428 2381 576 2420; x_wconf 73' lang='lat' dir='ltr'>inultum</span> <span class='ocrx_word' id='word_1_262' title='bbox 593 2382 732 2432; x_wconf 77' lang='lat' dir='ltr'>fineret-</span> <span class='ocrx_word' id='word_1_263' title='bbox 765 2379 885 2420; x_wconf 73' lang='lat' dir='ltr'>Caesat</span> <span class='ocrx_word' id='word_1_264' title='bbox 909 2378 980 2417; x_wconf 89' lang='lat' dir='ltr'>hos</span> <span class='ocrx_word' id='word_1_265' title='bbox 1001 2376 1249 2424; x_wconf 75' lang='lat' dir='ltr'>collaudans,</span> <span class='ocrx_word' id='word_1_266' title='bbox 1266 2375 1413 2428; x_wconf 65' lang='lat' dir='ltr'>opperiri</span> <span class='ocrx_word' id='word_1_267' title='bbox 1436 2386 1587 2425; x_wconf 80' lang='lat' dir='ltr'>tempora</span> 
     </span>
    </p>
   </div>
   <div class='ocr_carea' id='block_1_3' title="bbox 305 2495 1587 2593">
    <p class='ocr_par' dir='ltr' id='par_1_6' title="bbox 305 2495 1587 2593">
     <span class='ocr_line' id='line_1_36' title="bbox 354 2495 1587 2548; baseline -0.006 -11"><span class='ocrx_word' id='word_1_268' title='bbox 354 2506 374 2548; x_wconf 48' lang='grc' dir='ltr'>ς’</span> <span class='ocrx_word' id='word_1_269' title='bbox 400 2505 458 2537; x_wconf 82' lang='grc' dir='ltr'>ΠΙ.</span> <span class='ocrx_word' id='word_1_270' title='bbox 478 2504 621 2546; x_wconf 64' lang='lat' dir='ltr'>Appian.</span> <span class='ocrx_word' id='word_1_271' title='bbox 643 2505 783 2537; x_wconf 69' lang='lat' dir='ltr'>Sueten.</span> <span class='ocrx_word' id='word_1_272' title='bbox 804 2503 837 2536; x_wconf 88' lang='lat' dir='ltr'>in</span> <span class='ocrx_word' id='word_1_273' title='bbox 852 2501 977 2547; x_wconf 77' lang='lat' dir='ltr'>Aug.§</span> <span class='ocrx_word' id='word_1_274' title='bbox 999 2501 1059 2536; x_wconf 79' lang='lat' dir='ltr'>IV.</span> <span class='ocrx_word' id='word_1_275' title='bbox 1074 2500 1158 2536; x_wconf 77' lang='lat' dir='ltr'>Dio.</span> <span class='ocrx_word' id='word_1_276' title='bbox 1176 2498 1301 2543; x_wconf 59' lang='lat' dir='ltr'>Vellei.</span> <span class='ocrx_word' id='word_1_277' title='bbox 1323 2497 1468 2543; x_wconf 67' lang='lat' dir='ltr'>Appiam.</span> <span class='ocrx_word' id='word_1_278' title='bbox 1497 2495 1516 2541; x_wconf 83' lang='lat'>§</span> <span class='ocrx_word' id='word_1_279' title='bbox 1540 2495 1587 2530; x_wconf 86' lang='lat' dir='ltr'>V.</span> 
     </span>
     <span class='ocr_line' id='line_1_37' title="bbox 305 2548 799 2593; baseline 0 -12"><span class='ocrx_word' id='word_1_280' title='bbox 305 2548 390 2585; x_wconf 68' lang='lat' dir='ltr'>Dio.</span> <span class='ocrx_word' id='word_1_281' title='bbox 413 2549 479 2583; x_wconf 76' lang='lat' dir='ltr'>Jul.</span> <span class='ocrx_word' id='word_1_282' title='bbox 503 2549 629 2593; x_wconf 78' lang='lat' dir='ltr'>Obseq.</span> <span class='ocrx_word' id='word_1_283' title='bbox 656 2549 799 2593; x_wconf 73' lang='lat' dir='ltr'>Appiam.</span> 
     </span>
    </p>
   </div>
  </div>
 </body>
</html>
