1685 3042
287 170 415 220 Χ283
492 172 588 218 JO.
630 171 1137 219 FREINSHEMII
1178 173 1555 222 SUPPL‘EM.

379 279 465 319 XV.
503 277 652 317 Idcirco
682 276 784 328 legio
811 291 886 318 una
917 278 958 318 in
989 278 1174 328 Achajam
1204 279 1310 319 miffa
1337 281 1411 330 est,
1437 281 1616 321 festinan-

323 350 382 381 ter
401 343 448 380 ad
468 342 676 380 exercitum
700 341 894 390 delatura,
918 343 1105 392 quidquid
1132 343 1273 394 corripi
1296 343 1444 394 poss'etz,
1470 356 1616 384 ceteras

323 405 509 443 continuo
534 412 681 454 paratas
708 403 756 442 ad
784 403 966 453 proelium
997 403 1238 454 habuerunt,
1269 418 1499 457 quocunque
1529 415 1613 445 tan-

325 468 416 506 dem
436 466 552 505 modo
576 465 732 505 Brutum
758 467 808 504 ad
833 466 1110 506 conserendum
1134 480 1270 506 manus
1302 469 1507 508 attractari.
1531 468 1609 513 Sed

324 529 424 569 nihil
456 528 593 568 melius
629 528 735 567 cessit
767 527 933 575 libellis,
959 543 1054 579 quos
1080 530 1181 570 clam
1205 532 1247 570 in
1274 532 1392 570 castra
1431 531 1535 570 Bruti
1558 532 1613 580 ja-

324 592 571 640 culabantur,
593 594 730 643 tranfire
754 593 847 644 adse
869 591 1046 640 jubentes
1073 595 1278 643 exercitum,
1293 594 1510 647 ampltffimis
1530 589 1615 646 pro'-

320 658 444 710 postris
478 656 630 709 praemiis
647 670 663 702 ,-
698 666 761 692 aut
780 656 818 705 fi
844 656 931 706 quid
962 656 1122 694 haberem
1153 658 1300 705 virium,
1328 647 1443 711 fig'nl's
1474 658 1616 698 collatis

321 723 507 759 decernere.
538 719 638 757 Nam
674 716 731 755 his
759 716 903 755 artibus
935 716 1126 757 sollicitati
1157 718 1329 767 Dejotari
1367 720 1444 758 dux
1472 722 1615 771 Amyn-

292 795 402 828 stas,
443 783 478 821 &
516 779 690 820 Thraciae
732 778 884 828 regulus
915 778 1193 831 Rhascupolis‚
1225 782 1274 820 ad
1305 781 1430 821 hostes
1461 783 1616 821 tranfie-

324 855 436 884 runt:
462 843 548 889 alii,
574 840 818 892 Rhascupolin
843 841 960 892 abiiffe
988 843 1148 889 domum,
1175 843 1424 882 trad-iderunt.
1457 845 1502 882 At
1525 843 1618 883 Bru-

324 919 412 953 tus,
439 905 515 944 hoc
539 902 626 942 casu
652 914 775 952 aeger,
801 902 1045 952 pluriumque
1068 903 1280 953 suspectans
1308 904 1534 954 perfidiam,
1565 902 1617 942 ad

323 971 406 1009 haec
442 968 609 1007 militum
641 965 959 1016 tribunorumque
986 966 1250 1016 frequentibus
1287 966 1447 1018 querelis
1471 967 1519 1006 ad
1546 979 1618 1016 pu-

325 1032 523 1084 gnandum
566 1030 748 1068 incitatus
770 1061 781 1077 ‚
817 1029 997 1079 proelium
1045 1030 1289 1068 committere
1325 1029 1472 1075 statuit,
1512 1028 1620 1067 haud

324 1094 443 1133 dubie
472 1093 653 1132 ducturus
682 1090 846 1139 bellum,
876 1092 899 1130 fi
937 1093 986 1131 de
1019 1093 1209 1131 maritimo
1244 1092 1383 1142 proelio
1415 1091 1526 1131 citius
1556 1091 1618 1136 ins

322 1154 519 1196 potuisset.
551 1149 645 1192 Erae
668 1155 773 1195 caim
798 1151 911 1190 rebus
932 1151 1112 1190 omnibus
1133 1152 1180 1190 ad
1205 1153 1304 1192 hanc
1332 1153 1519 1192 rationem
1545 1159 1621 1201 pa-'

324 1216 553 1258 ratiffimus:
583 1214 698 1252 castra
722 1220 829 1260 tuta,
856 1211 1092 1262 locupletia,
1120 1212 1282 1251 salubria
1314 1211 1509 1250 habebat:
1538 1225 1619 1250 ma-

323 1280 377 1318 ria
412 1275 579 1315 habebat
614 1275 652 1312 in
688 1274 899 1323 potestate,
932 1273 1102 1312 habebat
1129 1275 1346 1323 provincias
1380 1271 1617 1315 uberrimas,

324 1341 429 1381 unde
461 1345 774 1386 commeatuum,
817 1336 921 1373 unde
955 1337 1205 1385 pecuniarum
1241 1334 1464 1378 inexhausta
1502 1335 1618 1384 copia

317 1402 600 1458 suppeditaret.
635 1397 709 1438 Sed
737 1397 819 1435 fato
846 1396 1014 1446 quodam
1041 1399 1082 1436 in
1109 1396 1330 1446 vigesimum
1368 1396 1483 1445 usque
1513 1395 1617 1434 diem

326 1466 375 1504 de
411 1461 534 1501 navali
569 1459 706 1510 proelio
733 1458 907 1496 audierat
940 1457 1058 1505 nihil,
1099 1459 1135 1497 ἃ
1168 1457 1295 1497 Clodii
1329 1457 1529 1505 cujusdam
1555 1456 1618 1494 in-

315 1526 471 1565 *dicium
496 1520 798 1566 contemnebat,
827 1519 916 1568 qui,
950 1527 1065 1566 capto
1098 1520 1176 1567 jam
1206 1519 1404 1568 pugnandi
1434 1517 1616 1566 confilio,

316 1589 452 1639 'pridie
482 1598 596 1636 quam
634 1589 905 1622 concurrerent
936 1581 1059 1629 acies,
1097 1580 1147 1620 ad
1179 1593 1268 1619 eum
1295 1591 1384 1619 cum
1417 1580 1493 1619 hoc
1516 1593 1614 1619 nun-

325 1654 382 1692 tio
408 1648 672 1698 transfugerat.

386 1712 492 1753 XVI.
523 1710 656 1750 Cetera
685 1718 838 1757 quoque
864 1703 924 1744 'ita
952 1703 1221 1754 conspirabant
1246 1703 1295 1742 ad
1325 1702 1536 1753 perniciem
1563 1702 1620 1742 vi-

329 1779 392 1823 ri,
414 1783 458 1814 ut
482 1785 554 1812 nec
580 1770 720 1810 evitare
747 1768 894 1819 pollet,
928 1778 1000 1805 nec
1023 1765 1155 1804 saltem
1183 1766 1370 1804 innocens
1402 1764 1508 1802 mori.
1539 1776 1620 1803 ma-

328 1837 434 1877 xime
477 1832 619 1873 ferocia
659 1829 828 1869 militum
875 1827 1121 1878 angebatur,
1165 1839 1327 1877 quorum
1370 1837 1455 1875 pars
1495 1825 1619 1865 multo

331 1898 499 1939 maxima
529 1893 594 1934 sub
629 1891 772 1932 Caesare
799 1891 984 1930 dictatore
1013 1889 1424 1937 meruerat‚..1·editura
1452 1887 1501 1925 ad
1526 1898 1620 1936 par-

329 1970 403 2008 tes,
421 1959 488 1998 nisi
511 1957 630 1997 multa
648 1955 727 2001 his,
749 1966 830 2004 quae
853 1951 976 1991 nollet
990 1952 1127 1991 Brutus
1142 1981 1152 1998 ‚
1174 1950 1489 1989 concederentur.
1514 1949 1615 1988 Nam

333 2023 523 2065 Antonius
555 2023 587 2061 ἃ
610 2016 729 2058 Caesar
752 2027 873 2055 totam
901 2015 1183 2066 propemodum
1206 2012 1351 2053 Italiam
1385 2013 1519 2063 praedae
1545 2010 1619 2050 suis

335 2085 551 2136 legionibus
579 2081 732 2120 dabant.
760 2079 880 2129 Igitur
904 2078 939 2116 <Sc
965 2076 1044 2126 ipse
1068 2077 1162 2115 duas
1187 2076 1296 2114 urbes
1325 2074 1442 2112 claras
1472 2074 1621 2124 promi7

335 2148 377 2188 lit
404 2147 620 2199 diripiendas
653 2145 838 2189 daturum,
868 2140 1140 2192 Thqffizlonicam
1169 2140 1202 2178 G·
1238 2139 1532 2183 Lacedaemotzem,
1565 2135 1616 2174 ob

271 2254 275 2258 ,
320 2208 442 2250 ¹missa
466 2206 637 2247 hostibus
652 2204 790 2244 auxilia
809 2201 987 2241 infestior.
1021 2200 1135 2240 Aliud
1156 2200 1271 2238 etiam
1291 2197 1446 2237 crudele
1471 2197 1616 2235 factum

329 2272 506 2317 addidit,
524 2270 694 2320 captivos
718 2265 982 2306 interficiendo
999 2294 1008 2312 ,
1035 2263 1159 2304 servos
1183 2263 1403 2308 dumtaxat,
1422 2260 1490 2311 ‚qui
1516 2260 1617 2310 prio-

332 2349 373 2376 re
405 2334 543 2386 proelio
577 2334 680 2384 capti
715 2340 847 2377 erant,
880 2341 928 2368 ne
963 2326 1092 2367 turbas
1128 2327 1261 2365 darent
1294 2326 1332 2363 in
1365 2324 1516 2362 castris:
1548 2334 1615 2360 cu·

336 2396 463 2436 stodiri
500 2395 602 2435 enim
634 2393 848 2444 nequibant
872 2397 1026 2442 propter
1058 2387 1355 2428 multitudinem.
1393 2385 1613 2426 Liberorum

385 2526 408 2570 ς
434 2525 509 2559 XV.
534 2523 677 2569 Appiam.
700 2520 789 2555 Plur.
811 2519 892 2554 Dio.
