1685 3042
304 217 399 264 274
466 202 565 250 JO.
601 201 1114 250 FREINSHEMII
1148 204 1498 253 SUPPLE-M.·

300 309 347 347 do
368 319 508 361 propter
527 308 724 360 densitatem
749 309 905 347 arborum
938 311 1082 348 evadere
1107 309 1237 362 poffint
1264 313 1331 350 vix
1359 310 1490 349 avibus
1510 325 1591 350 con-

293 371 481 425 spiciendi.
509 383 632 424 quarto
655 372 710 409 die
729 384 953 424 perventuros
968 374 1019 410 ad
1032 373 1211 423 fluvium,
1229 373 1410 425 Arpefficm
1427 373 1588 423 nomine,

299 428 362 487 qui
381 435 419 471 in
435 434 589 472 Hebrum
604 433 752 473 incidit:
774 434 852 471 inde
870 434 976 471 unius
999 435 1068 472 diei
1082 435 1146 474 iter
1158 436 1277 487 restare
1299 430 1503 488 Philippus.

351 493 508 536 XXIX.
539 493 686 534 Placuit
708 493 790 533 haec
809 494 1020 542 sententia,
1044 508 1124 534 non
1149 497 1269 535 modo
1297 495 1483 546 longioris
1503 508 1587 535 mo-

295 552 345 596 '1'ae
367 555 508 603 taedio,
529 555 593 594 sed
614 555 728 594 etiam
748 555 814 605 spe
838 556 991 605 grandis
1013 557 1215 606 utilitatis,
1233 558 1257 596 fi
1273 565 1400 597 tantas
1417 557 1586 598 hostium

295 620 429 669 copias
457 630 649 667 occupare
678 617 873 666 improvifi
900 617 1121 666 potuiffent.
1146 618 1426 670 Rhascupolidi
1460 621 1500 660 L.
1525 621 1588 660 Bi·

294 682 408 722 bulus
433 681 674 731 adjungitur,
703 681 809 720 Bruti
834 681 1050 731 privignus,
1080 683 1148 731 qui
1173 695 1300 722 rerum
1326 684 1462 724 harum
1481 698 1588 724 com-

292 744 528 786 mentarium
561 743 706 781 edidit:
740 742 912 791 datisque
938 742 1220 790 munitoribus,
1256 746 1290 783 ἃ
1319 745 1492 794 praefidio
1525 758 1590 785 ar-

291 816 509 853 matorum,
544 803 844 855 praemittuntur.
880 805 928 844 Et
952 805 1073 844 tribus
1098 806 1255 856 quidem
1287 807 1484 847 continuis
1508 809 1589 848 die-

286 869 387 916 bus,
417 879 650 916 quamquam
675 867 890 905 maximum
919 867 1017 907 inter
1044 867 1245 916 laborem,
1279 870 1426 911 strenue
1451 884 1591 921 perge-

293 931 430 976 batur,
451 928 611 968 accensa
640 928 807 967 militum
839 928 1058 977 alacritate,
1087 931 1193 981 quod
1216 932 1390 982 praemiffi
1415 933 1587 983 quidam,

281 993 324 1046 se
340 992 495 1041 fluvium
519 1005 563 1029 ex
577 989 884 1043 praealtaspecula
896 990 1042 1043 vidff,
1065 992 1344 1032 renuntiabant.
1364 993 1437 1032 Sed
1451 1001 1587 1043 quarto

288 1055 381 1101 die,
410 1065 500 1090 cum
536 1054 571 1091 δε
610 1064 708 1102 aqua
748 1051 955 1100 deficeret,
989 1055 1026 1092 ὃς
1050 1053 1189 1093 fluvius
1215 1055 1385 1093 necdum
1421 1068 1585 1106 appare-

284 1122 363 1162 ret,
388 1113 649 1164 proditionem
676 1110 774 1158 rati,
804 1111 1136 1164 Rhascupolidem
1172 1115 1464 1166 obequitantem
1493 1116 1585 1156 hor-

283 1182 508 1224 tantemque
533 1174 718 1213 conviciis
744 1175 779 1212 &
799 1171 896 1211 saxis
916 1180 1046 1222 petere
1073 1181 1299 1222 coeperunt,
1321 1174 1459 1214 sortem
1475 1174 1584 1216 suam

284 1237 428 1276 moestis
454 1236 617 1275 vocibus
655 1236 891 1275 miserantes.

341 1297 480 1338 XXX.
515 1297 565 1335 At
591 1294 732 1334 Bibulo
761 1303 942 1345 rogante,
971 1296 1133 1333 durarent
1152 1295 1295 1347 potius,
1320 1298 1355 1336 6·
1380 1299 1482 1336 bonis
1505 1311 1582 1336 cum

286 1360 462 1398 ominibus
493 1359 587 1410 quod
610 1356 794 1409 fizpereffet
834 1357 965 1394 laboris
987 1368 1214 1408 peragerent,
1245 1365 1474 1406 receperunt
1501 1357 1582 1396 ani-

285 1433 372 1459 mos
409 1421 444 1459 δε
485 1419 584 1457 circa
622 1415 821 1467 vesperam
859 1416 933 1454 diei
967 1416 1136 1466 primum
1168 1430 1307 1467 agmen
1342 1418 1391 1456 ad
1421 1430 1579 1457 amnem

284 1482 488 1533 pervenit,
529 1480 731 1528 statimque
763 1491 839 1528 prae
875 1478 1016 1528 gaudio
1055 1477 1202 1517 sustulit
1241 1479 1477 1525 clamorem,
1515 1480 1581 1529 qui

286 1550 474 1591 exceptus
491 1554 512 1579 a
527 1540 713 1591 proximis
740 1538 1026 1588 transditufque
1041 1569 1052 1587 ,
1071 1539 1279 1588 universas,
1297 1553 1380 1590 quae
1397 1541 1577 1589 aderant,

284 1605 417 1654 copias
443 1610 643 1641 momento
668 1601 917 1651 percucurrit.
968 1599 1105 1639 Brutus
1134 1600 1249 1639 etiam
1272 1608 1387 1650 atque
1409 1600 1580 1650 Caffius,

280 1679 322 1704 re
350 1667 530 1716 cognita,
568 1676 635 1714 per
663 1663 852 1702 munitam
880 1671 967 1701 ante
990 1663 1092 1700 viam
1125 1662 1202 1700 cito
1230 1662 1384 1712 agmine
1420 1663 1578 1702 incesse·

276 1737 382 1766 tunt.
415 1739 487 1765 nec
517 1735 649 1764 tamen
673 1725 891 1775 opprimere
916 1724 1091 1772 Julianos
1117 1725 1276 1764 datum:
1311 1737 1407 1774 quos
1431 1725 1573 1765 eodem

276 1789 473 1843 periculo,
491 1803 566 1840 quo
586 1788 750 1830 Thracis
774 1788 887 1827 unius
911 1788 988 1826 astu
1007 1788 1141 1826 irretiti
1165 1795 1298 1834 erant,
1321 1787 1476 1826 alterius
1500 1787 1574 1826 sol-

277 1853 388 1893 lertia
412 1851 629 1902 explicavit.
663 1849 833 1890 Rhascus
861 1851 976 1888 frater
997 1841 1316 1900 Rhascupolidit.
1345 1861 1391 1888 ex
1416 1849 1571 1889 insolito

278 1915 476 1963 clamore,
501 1915 540 1952 id
566 1913 673 1964 quod
701 1923 805 1961 erat,
832 1912 1062 1963 suspicatus,
1093 1911 1335 1963 exploratum
1363 1913 1419 1951 iit.
1453 1912 1576 1951 mira-

275 1977 410 2028 tusque
423 1975 582 2025 saltum,
597 1976 663 2014 vix
685 1975 775 2014 feris
799 1976 994 2025 pervium,
1018 1975 1118 2026 signa
1143 1974 1320 2014 militaria
1344 1975 1572 2025 perrupiffe,

274 2051 360 2078 rem
396 2050 558 2077 omnem
594 2035 782 2076 Norbano
813 2035 1010 2075 indicavit.
1051 2035 1144 2085 ille,
1170 2048 1260 2075 cum
1289 2036 1388 2075 nihil
1421 2037 1569 2076 factum

275 2100 369 2140 effet
399 2099 582 2149 propius,
619 2111 732 2148 quam
767 2106 811 2136 ut
841 2097 1143 2148 opprimeretur,
1180 2110 1248 2147 per
1278 2096 1469 2135 silentium
1500 2109 1569 2134 no-

273 2165 347 2202 ctis
380 2162 418 2200 se
455 2162 623 2211 recipere
651 2159 919 2211 Amphipolim
957 2159 1128 2198 instituit.
1171 2159 1309 2199 Brutus
1347 2158 1566 2210 Cassiusque

270 2224 474 2274 Philippos
507 2222 667 2273 profesti
697 2222 800 2263 sunt:
835 2222 1054 2272 eodemque
1085 2223 1120 2261 δε
1146 2220 1300 2260 Cimber
1324 2220 1503 2268 Tullius,
1529 2222 1566 2260 &

272 2299 410 2325 omnes
447 2284 530 2324 aliae
558 2285 706 2336 copiae,
747 2297 840 2334 quas
867 2286 916 2323 ab
937 2283 1106 2322 exercitu
1137 2282 1250 2321 variae
1284 2282 1562 2332 occupationes

272 2349 549 2396 abstraxerant,
576 2355 850 2387 convenerunt.
880 2347 928 2386 Et
953 2359 1030 2396 quo
1056 2344 1193 2384 mel-ius
1220 2344 1399 2383 noscatur
1427 2344 1560 2391 locus,

274 2411 342 2451 ubi
368 2412 542 2452 Romana
568 2410 722 2450 libertas
748 2411 797 2450 ad
823 2418 1038 2450 extremum
1062 2407 1152 2448 elisa
1180 2407 1255 2456 est,
1281 2407 1474 2458 Philippos
1503 2418 1563 2445 ve-

325 2530 349 2575 §
374 2529 788 2575 XXV111.D·20.Appian.
809 2529 831 2574 §
857 2529 982 2562 XXIX.
1005 2527 1094 2562 Plut.
1111 2527 1146 2563 in
1171 2526 1264 2561 Brut.
1291 2537 1321 2559 c.
1341 2525 1389 2559 18.
1413 2524 1560 2570 Appian-
