1685 3042
306 205 390 252 IN
425 202 608 250 LOC.
660 201 804 248 LIB.
842 201 1036 248 cxviii
1074 203 1225 251 LIV.
1341 205 1422 252 161

148 310 343 353 Mutinam
368 323 443 350 una
473 308 809 360 proficiscerentur.
850 306 894 346 In
914 306 1046 346 itinere
1074 308 1288 349 Bononiam
1314 323 1430 351 occue

148 381 314 424 parunt,
347 383 428 423 quae
454 371 666 419 antiquitus
693 369 734 407 in
759 367 935 407 clientela
967 370 1220 410 Antoniorum
1244 371 1448 411 constitu-s

148 444 210 484 ta,
241 447 331 473 cum
368 433 581 484 praefidium
616 444 695 469 non
729 430 908 478 haberet,
947 430 1022 469 sine
1053 433 1260 472 certamine
1285 435 1433 484 aperuit:

147 504 292 548 portas.
323 497 482 545 Neque,
507 503 641 544 praeter
657 492 848 542 Rhegium
874 492 1010 542 Lepidi
1035 495 1069 532 ἃ
1088 493 1258 532 Parmam
1273 525 1286 541 ,
1309 495 1433 536 ullum

149 558 339 608 oppidum
370 557 537 596 Antonio
567 554 766 605 supererat.
814 553 890 593 Sed
919 563 998 593 erat
1024 556 1054 593 is
1084 557 1255 605 equitatu
1287 558 1431 599 firmus.

147 631 266 668 quem
290 618 443 658 obviam
476 617 720 657 venientibus
748 630 769 655 a
793 615 968 656 Bononia
994 617 1106 656 misit.
1139 617 1301 658 Fiebant
1321 621 1433 670 igitur

147 681 331 732 equestria
354 683 484 720 crebra
501 680 636 731 proelia
655 695 663 719 :
688 679 752 718 sed
772 680 1023 718 vincebantur
1047 681 1279 729 Antoniani,
1302 695 1435 732 quam-

150 756 266 794 quam
295 740 502 792 superiores
524 752 712 789 numero,
742 741 832 790 quia
856 740 1089 780 torrentibus
1117 741 1328 792 interrupta
1353 741 1436 792 pla-

103 831 107 832 .
148 803 263 844 nities
290 801 547 841 multitudinis
570 802 679 841 usum
709 803 918 842 auferebat.

201 865 338 905 XXX.
365 865 425 904 Ne
447 872 575 903 tamen
595 863 787 903 Mutinam
803 864 932 900 venire
950 862 1111 904 victores
1137 864 1309 915 possent,
1326 864 1437 906 Scul..

149 933 266 966 tenna
279 926 397 965 fluvio
419 927 454 965 ἅ
480 924 658 975 praesidiis
675 924 723 963 ad
741 936 829 962 eum
845 924 998 963 Antonii
1021 923 1341 974 prohibebantur.
1359 926 1434 976 Igi-

147 998 211 1029 tur
238 996 306 1035 ut,
329 987 466 1038 quibus
497 986 646 1037 possent
672 986 822 1033 modis,
854 986 1040 1032 Brutum,
1067 986 1264 1036 praesentia
1292 986 1435 1028 horum

148 1051 326 1100 cognita,
351 1047 647 1096 confir-,marent
669 1047 716 1086 ab
743 1046 930 1086 altissimis
957 1046 1157 1086 arboribus
1182 1047 1306 1087 efferri
1329 1049 1432 1089 faces

148 1109 327 1151 accensas
357 1108 550 1158 jusserunt.
584 1107 761 1156 Deinde,
784 1119 873 1147 cum
901 1109 942 1147 id
969 1121 1105 1158 parum
1132 1109 1436 1161 intelligeretur,

145 1179 305 1210 tenuem
348 1169 498 1220 plumbi
534 1168 716 1207 laminam
757 1167 874 1207 literis
902 1168 1098 1218 insculptis
1130 1170 1436 1220 convolverunt,

148 1246 232 1284 quae
257 1245 324 1283 per
347 1232 582 1275 urinatorem
613 1228 767 1279 alligata
793 1228 950 1267 brachio
982 1228 1052 1267 sub
1086 1243 1182 1279 aqua
1211 1231 1433 1272 deferretur.

148 1294 247 1334 Cum
285 1292 361 1331 hoc
403 1291 522 1330 modo
558 1288 654 1340 saepe
690 1289 965 1329 commeassent
996 1288 1136 1339 literae,
1171 1300 1286 1341 atque
1326 1303 1435 1344 parte

145 1354 387 1402 Scultennae,
403 1366 486 1402 quae
511 1363 613 1391 nunc
636 1364 791 1401 quoque
810 1351 1003 1392 Mutinam
1026 1352 1166 1401 intrat,
1191 1352 1330 1403 salem,
1356 1369 1434 1406 quo

146 1417 315 1458 maxime
335 1415 560 1466 indigebant
586 1413 744 1461 obseffi‚
774 1414 909 1464 cuppis
931 1413 1146 1462 inclusum,
1174 1415 1342 1467 itemque
1367 1431 1437 1469 pe-

146 1493 237 1521 cora
261 1477 564 1526 intromisissent3
582 1475 767 1524 sentiens,
788 1477 894 1526 quod
921 1476 1126 1527 agebatur,
1142 1478 1330 1519 Antonius
1344 1510 1354 1527 ,
1372 1493 1436 1519 re-

146 1543 200 1583 tia
216 1555 281 1593 per
312 1553 466 1581 amnem
492 1539 684 1587 tetendit,
706 1538 844 1589 quibus
875 1539 1006 1578 omnia
1039 1537 1122 1578 haec
1149 1540 1430 1591 exciperentur.

150 1606 254 1647 Tum
276 1605 325 1643 ad
351 1602 464 1642 aliam
491 1601 662 1642 astutiam
685 1600 907 1649 transitum,
933 1602 969 1641 ὃς
999 1600 1188 1641 columbae
1224 1614 1314 1642 cum
1343 1605 1432 1653 epi—

149 1667 253 1707 stolis
287 1665 387 1705 ultro
422 1665 597 1714 citroque
623 1661 750 1702 miffae.
791 1662 1007 1713 Priusquam
1044 1663 1355 1713 dimitterentur,
1392 1666 1434 1704 in

150 1730 312 1770 obscuro
336 1727 424 1766 loco
447 1726 550 1765 fame
577 1725 877 1765 macerabantur.
910 1724 1059 1764 Deinde
1083 1726 1250 1776 epistolae
1275 1726 1350 1766 seta
1375 1741 1436 1768 re.

145 1792 367 1844 -ligabantur
386 1791 443 1830 ad
478 1789 635 1828 collum.
671 1788 720 1828 fic
749 1787 930 1836 dimissae,
957 1802 1072 1838 quam
1098 1790 1270 1838 proxime
1295 1790 1434 1830 urbem

150 1860 328 1905 poterat,
360 1850 435 1889 cibi
470 1848 639 1898 lucisque
670 1847 854 1887 desiderio
882 1849 1064 1898 petebant
1089 1848 1237 1888 summa
1269 1863 1431 1901 quaeque

150 1913 336 1960 aedificia,
355 1911 486 1961 ibique
503 1909 816 1960 excipiebantur:
839 1910 971 1959 utique
994 1910 1218 1961 postquam„
1236 1912 1431 1953 intellecta

149 1988 216 2022 re,
236 1974 366 2013 cibum
394 1974 506 2012 certis
528 1972 624 2015 locis
650 1971 832 2011 collocari
859 1972 996 2012 Brutus
1015 1972 1179 2021 jusserat.

204 2036 361 2078 XXXI.
388 2035 541 2076 Eaedem
567 2035 709 2074 deinde
736 2022 1030 2074 remittebafntur
1050 2049 1071 2074 a
1088 2035 1204 2076 Bruto
1234 2048 1322 2075 cum
1348 2036 1434 2077 lite.

149 2104 224 2150 ris,
249 2101 336 2141 loca
372 2108 464 2140 nota
498 2109 723 2155 repetentes.
770 2100 834 2140 Sic
873 2099 1078 2138 obfirmato
1113 2101 1161 2142 ad
1192 2099 1433 2141 tolerandam

151 2164 391 2204 obsidionem
413 2163 597 2210 Decimo,
622 2161 830 2209 Antonius,
853 2161 960 2201 fratri
988 2161 1109 2201 Lucio
1136 2162 1305 2201 custodia
1330 2176 1432 2213 opea⁵

149 2241 236 2270 rum
264 2227 313 2267 ad
339 2226 535 2267 Mutinam
564 2224 820 2273 demandata,
855 2224 974 2264 castra
1007 2223 1174 2264 hostium
1206 2224 1330 2264 castris
1361 2238 1428 2276 op..

199 2363 222 2405 S
246 2361 372 2394 XXIX.
402 2361 545 2394 Sueton.
568 2359 603 2391 in
629 2358 717 2402 Aug.
739 2368 769 2390 c.
796 2367 849 2397 17.
876 2357 949 2392 Cic
974 2356 1131 2392 familiar.
1162 2367 1221 2397 10,
1246 2368 1282 2397 ις
1311 2358 1344 2390 δε
1371 2370 1428 2401 12,

156 2416 186 2440 τ.
214 2407 313 2440 ldcm.
337 2405 419 2437 Phil
443 2416 504 2446 10,
530 2414 560 2444 5.
590 2403 671 2436 Dio.
700 2402 953 2445 Appiamplin.
979 2403 1095 2445 3,16.
1124 2403 1145 2446 §
1176 2383 1285 2435 XXX.
1312 2403 1432 2436 Front-

155 2451 257 2484 Strat.
281 2461 324 2494 3,
351 2462 389 2494 37
409 2449 443 2482 ὃ(
466 2460 523 2490 ι4,
548 2460 578 2492 3
613 2448 696 2483 Dio.
725 2446 969 2482 Cluver.1tal.
1002 2448 1107 2491 antiq
1139 2448 1162 2479 1
1192 2459 1221 2481 1.
1246 2446 1332 2482 Plin.
1363 2459 1398 2482 io
1414 2473 1425 2490 3

153 2505 208 2539 37·
254 2550 305 2598 T.
332 2551 426 2598 Liv.
454 2551 551 2596 Vol.
575 2548 670 2599 XI.
1189 2545 1225 2591 L
