1685 3042
356 221 412 267 §.8
494 220 587 266 JO.
621 216 1159 265 FREINSHEMII
1194 220 1572 268 SUPPLEM.

350 339 411 380 ea,
430 324 639 375 publicatis
671 324 883 364 multorum
918 324 1187 374 facultatibus,
1219 326 1470 365 emendarum
1508 339 1636 367 rerum

349 388 505 437 copiam
538 395 652 437 atque
679 385 867 425 vilitatem
900 386 1091 425 effecerat.
1131 387 1303 426 Ducibus
1331 387 1537 437 amicisque
1563 387 1635 428 suis

347 449 517 489 honores
556 449 771 497 distribuit,
814 448 937 487 multa
972 458 1107 498 praeter
1146 458 1315 488 veterem
1353 462 1528 497 morem,
1558 463 1635 500 quo

345 511 521 563 pluribus
554 510 761 549 referendae
796 510 922 560 gratiae
948 509 1057 548 locus
1097 511 1213 558 effet,
1244 511 1488 550 instituendo.
1530 512 1632 550 Nam

344 570 382 614 Sc
415 574 596 624 praetoriis
630 572 794 611 comitiis
831 573 964 611 decem
1005 572 1149 611 creavit
1180 572 1323 622 primus
1355 587 1364 613 :
1414 575 1449 613 δε
1480 573 1634 622 pontifi-

345 645 435 675 cum
472 648 733 686 augurumque
769 636 804 673 &c
837 634 1227 684 quindecimvirorum
1261 633 1435 685 collegiis
1465 633 1631 685 singulos

341 698 519 737 addidit:
547 701 582 736 oz
611 696 756 746 equites
787 696 986 734 Romanos
1016 694 1185 744 aliquot,
1217 709 1379 745 quorum
1407 709 1523 746 opera
1552 703 1634 734 erat
1678 691 1684 698 ⁸

336 758 493 806 usurus,
517 759 686 807 itemque
719 756 898 794 ordinum
926 756 1124 803 ductores,
1146 757 1186 793 in
1207 755 1379 795 senatum
1415 756 1573 807 adlegit.

393 820 531 860 XLIV.
571 820 627 860 M.
659 820 815 859 Brutum
858 818 1060 868 Cisalpinae
1086 819 1295 868 provinciae
1323 820 1515 868 praefecit3
1547 820 1630 859 De-

341 882 486 920 cimum
522 882 578 928 ei,
614 894 696 931 quae
732 890 832 919 trans
866 879 978 929 Alpes
1005 880 1078 926 est,
1110 877 1254 918 Galh‘ae.
1296 880 1371 919 Sed
1408 882 1443 919 ἅ·
1474 881 1512 918 in
1544 880 1631 920 reli-

337 958 455 994 quam
489 953 636 994 partem
669 944 757 981 anni
791 942 964 981 consules
997 942 1114 990 fecit,
1143 954 1238 991 quos
1263 941 1448 991 diximus,
1475 942 1524 991 Q.
1555 942 1630 982 Fu-

335 1008 431 1046 sium
447 1038 458 1055 ,
478 1007 517 1046 P,
541 1006 739 1045 Vatinium
755 1035 766 1052 ,
792 1017 880 1043 cum
908 1004 1018 1054 pauci
1044 1005 1259 1043 admodum
1276 1005 1356 1043 dies
1380 1005 1624 1055 superessent.

331 1071 459 1119 ,Atque
489 1082 532 1107 ea
561 1081 616 1106 res
646 1067 780 1106 facetis
816 1066 1043 1106 hominibus
1073 1066 1225 1105 ridendi
1250 1066 1401 1106 causam
1437 1068 1624 1117 praebuit3

335 1132 586 1181 querentique
618 1130 793 1176 Vatinio,
825 1131 920 1181 quod
937 1129 979 1180 se
1008 1140 1228 1181 aegrotantem
1252 1141 1322 1166 non
1349 1129 1537 1181 inviszffic,
1565 1129 1627 1168 Ci-

332 1204 423 1231 cero
454 1191 673 1246 respondit,
704 1194 881 1230 Ventums
910 1189 947 1227 in
979 1190 1164 1242 consulatu
1194 1202 1252 1228 tuo
1280 1189 1369 1241 fici,
1390 1191 1455 1241 (ed
1477 1205 1548 1228 nox
1575 1205 1625 1227 me

329 1243 592 1306 comprehendit.
631 1249 1050 1300 circumferebaturque
1093 1251 1276 1290 notabilis
1307 1251 1480 1301 ejusdem
1515 1250 1627 1290 urba-

329 1317 460 1365 nitas,
487 1317 524 1354 in
550 1315 731 1369 consulatu
761 1314 899 1352 Vatinii
925 1327 1086 1365 magnum
1107 1314 1269 1366 ostentum
1284 1312 1452 1365 faHum,·
1473 1315 1565 1365 quod
1585 1329 1623 1352 co

329 1379 492 1430 consule,
517 1392 578 1416 ηεε
603 1378 720 1415 bruma
735 1405 746 1424 ‚
770 1390 829 1413 nec
855 1390 938 1423 ver,
961 1389 1021 1413 nec
1043 1376 1160 1427 aestas,
1178 1390 1237 1414 nec
1258 1387 1446 1413 autumnus
1459 1375 1592 1428 fizzſjit.

385 1440 504 1479 XLV.
526 1439 620 1479 Haec
639 1438 802 1489 gratiora
817 1435 933 1486 vulgo
960 1445 1068 1475 erant
1088 1445 1243 1487 propter
1258 1437 1452 1476 Vatinium
1466 1467 1476 1484 ,
1501 1451 1521 1476 a
1543 1451 1620 1488 quo

329 1502 572 1541 consulatum
609 1500 731 1551 pollui
765 1499 1018 1549 judicabant,
1052 1499 1257 1539 obscurum
1292 1503 1327 1540 6:
1359 1513 1519 1550 pravum
1551 1500 1623 1538 ho-

327 1566 475 1605 minem
516 1563 777 1603 stomachante
808 1564 925 1602 etiam
959 1564 1000 1602 in
1031 1562 1196 1601 versibus
1228 1561 1301 1601 suis
1333 1561 1498 1602 Catullo.
1541 1563 1619 1602 Sed

330 1637 518 1678 quantum
549 1628 593 1666 iis
628 1625 850 1666 consulibus
881 1625 1075 1676 potestatis
1111 1623 1391 1664 auetoritatisve
1426 1624 1498 1662 effe
1535 1624 1611 1663 vel-

326 1688 434 1736 lent,
463 1688 556 1738 ipfi,
585 1689 650 1737 qui
683 1688 872 1736 fecerant,
908 1687 1011 1725 faffto
1048 1685 1127 1736 ipso
1165 1685 1470 1724 demonstrarunt
1516 1684 1616 1725 satis.

327 1749 572 1799 Quamquam
605 1749 710 1787 enim
751 1747 870 1787 Caesar
913 1747 1102 1786 dietatura
1138 1745 1175 1785 se
1213 1747 1437 1794 abdicaret,
1476 1745 1617 1785 nullius

326 1812 406 1860 jam
430 1809 699 1860 appellationis
725 1822 862 1860 egens,
890 1817 1019 1848 tamen
1048 1809 1104 1849 M.
1139 1809 1195 1848 An
1242 1809 1327 1846 nius
1357 1808 1616 1858 magisterium

326 1875 499 1922 equitum
537 1872 576 1909 in
616 1880 743 1909 totum
777 1883 865 1909 eum
903 1883 1049 1909 annum
1089 1870 1256 1909 retinuit.
1301 1868 1399 1907 Cum
1436 1870 1501 1908 ista
1526 1869 1613 1909 satis

322 1933 428 1972 belle
459 1932 669 1982 compofita
706 1933 955 1980 viderentur,
989 1931 1163 1983 praemissi
1194 1931 1232 1969 in
1261 1930 1510 1980 Campaniam
1546 1932 1617 1971 mi-

323 1997 431 2044 lites,
461 1997 598 2047 quibus
626 1997 676 2034 ad
703 1995 847 2034 bellum
871 1995 1096 2035 Africanum
1133 1993 1263 2034 usurus
1297 2004 1396 2041 erat,
1427 1993 1615 2033 seditione

324 2060 420 2099 inita
446 2071 574 2098 curam
608 2058 760 2098 Caesaris
790 2059 1047 2096 adverterunt.
1083 2056 1257 2108 Promiffiz
1284 2056 1492 2107 Pharsalico
1524 2056 1613 2094 bello

318 2123 461 2176 praemia
504 2134 668 2170 omnes,
704 2122 872 2159 veterani
923 2129 1104 2170 praeterca
1151 2118 1333 2168 miffionem
1375 2117 1608 2167 flagitabant.

325 2183 447 2224 Caesar
481 2184 529 2222 ad
571 2183 642 2222 hos
678 2183 728 2232 Q.
757 2183 975 2223 Saliustium
1017 2182 1190 2232 Crispum
1224 2181 1350 2227 misit,
1380 2181 1468 2230 qui,
1505 2181 1613 2219 sena-

322 2246 415 2285 torii
446 2245 695 2296 recuperandi
733 2246 877 2285 ordinis
911 2245 1027 2296 gratia
1066 2256 1224 2295 praetura
1263 2245 1408 2294 petita,
1444 2244 1612 2293 designa-

322 2317 385 2348 tus
413 2319 513 2357 erat3
547 2318 587 2346 ut
613 2308 790 2354 doceret,
819 2309 960 2361 hostium
988 2323 1114 2360 magno
1149 2322 1286 2346 numero
1323 2308 1360 2344 in
1383 2307 1512 2358 Africa
1540 2308 1613 2359 fiu-

316 2374 480 2426 perstite,
509 2373 655 2410 nondum
695 2372 888 2424 absulutarn
922 2370 982 2423 aeffi
1011 2371 1188 2409 vic'loriam
1215 2386 1226 2410 :
1255 2384 1293 2407 eo
1318 2372 1465 2420 (011]ὲὲῖο
1497 2369 1606 2416 bello,

375 2490 394 2533 S
422 2486 1433 2530 XL111.Cic.f1m·111ar.12,1S.Sueton.'1ncaes.c.38
1459 2487 1606 2519 Diodor.

324 2530 385 2575 Ῑ.
394 2534 532 2576 .&4S.
559 2533 724 2579 §XL1V.
747 2535 889 2580 Appian.
907 2534 986 2569 Dio.
1002 2535 1154 2569 Macrob.
1175 2533 1341 2566 Saturnal.
1366 2542 1383 2564 2
1398 2542 1457 2576 ,3.
