1685 3042
87 208 171 257 JO.
195 205 412 255 FREINS.
432 207 585 254 SUPP.
603 207 668 253 IN
685 206 827 252 LOC.
845 208 893 252 L.
911 206 1077 255 CXVI.
1094 207 1204 255 LIV.
1245 225 1311 272 77

89 305 140 354 ris
163 330 309 369 corpus,
330 330 405 354 cum
431 316 468 352 in
500 326 654 366 campum
682 312 857 350 Martium
871 311 1041 364 ferretur,
1068 327 1091 350 a
1110 314 1208 365 plebe
1228 327 1309 354 ante

88 381 192 432 rostra
218 390 399 417 crematum
429 377 483 430 est.
510 376 702 414 Diaaturae
729 374 841 412 honos
874 374 912 411 in
929 385 1127 425 perpetuum
1144 378 1312 428 fitbiatus

89 442 143 493 est.
175 443 211 481 C.
246 440 439 485 Amatius,
473 436 671 474 humillimae
691 435 799 488 sbrtis
830 437 951 483 homo,
975 437 1087 488 quise
1123 439 1162 476 C.
1191 439 1311 477 Marii

81 504 201 556 filium
213 504 373 557 ferebat,
393 514 466 541 cum
489 501 586 554 a'pud
603 501 774 538 credulam
791 498 923 553 plebem
937 499 1127 552 seditiones
1152 514 1311 551 moveret,

89 577 233 604 necatus
261 565 314 618 est.

39 713 71 756 Ῑ.
104 664 518 753 HISPANOENSEM
556 706 709 749 Caesaris
742 705 1006 757 triumphum,
1036 720 1114 747 non
1144 709 1200 748 uti
1224 722 1320 749 con-

41 774 237 823 sueverat,
267 774 395 813 laetum
428 769 601 823 populo,
632 769 696 808 sed
728 769 978 820 peracerbum
1005 769 1116 810 fuiffe
1142 772 1321 822 tradunt3

38 835 127 886 quia
157 834 224 875 sub
258 833 517 884 Hispanorum
549 829 855 881 praescriptione,
890 843 970 869 non
997 831 1045 870 de
1076 844 1164 882 rege
1191 829 1322 882 aliquo

42 907 107 937 aut
143 898 370 948 imperatore
409 893 595 941 barbam,
635 891 700 931 sed
731 887 858 943 aperte
895 893 943 932 de
976 893 1068 932 civis
1101 894 1324 945 amplissimi.

42 959 186 1006 modo,
221 970 311 996 mox
341 955 565 1001 miserrimi,
586 952 754 1004 oppressa
778 954 896 993 domo
928 954 1152 995 ducebatur.
1190 956 1326 1007 ltaque:

38 1031 112 1058 nec
142 1026 373 1069 apparatus,
408 1020 523 1068 (erat
555 1027 685 1053 autem
717 1027 764 1054 ex
792 1024 948 1066 argento
980 1016 1103 1069 rafili)
1131 1029 1201 1056 nec
1229 1031 1324 1068 epu..

37 1080 146 1130 lum,
180 1080 283 1131 quod
317 1077 463 1130 populo
492 1077 629 1126 dedit,
656 1078 734 1127 pari
755 1077 952 1128 voluptate
983 1077 1189 1130 laetitiaque
1214 1080 1324 1119 cele-³

37 1141 284 1183 brata-sunt:
312 1152 543 1191 quamquam
565 1138 640 1177 duo
662 1137 877 1187 praebuisset
900 1140 1084 1188 prandia3
1111 1141 1195 1190 quia
1218 1142 1326 1190 priue

39 1206 189 1257 parcius
222 1212 336 1253 atque
368 1202 520 1241 tenuius
538 1230 550 1247 ,
579 1212 692 1249 quam
718 1211 788 1249 pro
817 1198 882 1238 sua
908 1198 1162 1249 liberalitate,
1187 1202 1324 1242 instru-

45 1270 150 1308 c‘tum
180 1267 404 1307 crediderat.
450 1264 552 1305 Tum
579 1275 732 1314 quoque
764 1262 1000 1302 frumentum
1026 1264 1174 1314 populo
1203 1265 1325 1305 distri-

42 1328 147 1377 buit,
164 1341 212 1367 ne
234 1328 324 1378 quid
351 1324 641 1377 magnificentiae
663 1322 816 1364 deesset.
845 1323 960 1363 Porro
983 1324 1066 1374 post
1082 1325 1321 1376 triumphum

41 1391 254 1432 consularia
286 1389 443 1430 comitia
471 1387 635 1435 habuit,
658 1385 880 1437 suffecitque
905 1385 972 1426 fibi
1001 1387 1043 1426 in
1070 1398 1144 1427 tres
1172 1384 1322 1428 noviffi.

39 1468 126 1494 mos
163 1452 308 1493 menses
338 1458 430 1506 (tot
452 1451 556 1490 enim
583 1449 829 1500 supererant)
858 1449 906 1499 Q.
930 1449 1092 1489 Fabium
1120 1451 1172 1501 Q.
1197 1451 1237 1492 F.
1268 1453 1320 1503 Q.

43 1518 94 1558 N.
123 1516 360 1563 Maximum,
389 1514 432 1554 C.
448 1512 687 1553 Trebonium
714 1513 756 1553 C.
774 1511 814 1554 F.
839 1521 944 1552 tanta
966 1514 1121 1564 quidem
1149 1515 1323 1566 indigna-

41 1579 149 1618 tione
170 1576 329 1629 populi,
353 1584 522 1616 veterem
545 1587 693 1613 morem
719 1574 857 1614 iterum
888 1574 1018 1615 violari
1043 1589 1122 1616 non
1145 1576 1320 1625 ferentis,

42 1648 112 1687 ut,
134 1638 182 1687 Q.
209 1638 328 1678 Fabio
355 1636 545 1675 theatrum
571 1636 808 1684 introeunte,
832 1649 920 1676 cum
947 1636 1059 1677 lictor
1092 1639 1321 1677 animadverti

43 1715 93 1742 ex
136 1713 243 1741 more
278 1699 464 1750 juffiffet,
500 1699 662 1740 universi
699 1699 1015 1749 reclamaverint,
1043 1715 1114 1740 non
1153 1717 1228 1740 eum
1255 1703 1318 1755 affe

42 1763 225 1815 confidem.

97 1822 145 1863 II.
184 1820 443 1872 Triumphum
478 1821 595 1860 etiam
625 1821 753 1861 eidem
777 1821 922 1870 Fabio,
949 1820 1016 1861 sed
1045 1824 1079 1862 &
1102 1823 1153 1872 Q.
1177 1823 1319 1872 Pedio,

45 1885 180 1937 legatis
205 1884 302 1933 suis,
335 1884 620 1923 decernendum
653 1885 800 1923 curavit
829 1896 877 1922 ex
903 1883 1107 1935 Hispania,
1131 1885 1229 1934 quafi
1257 1898 1322 1936 pa.

44 1961 130 1988 rum
154 1946 305 1995 fuiffet,
325 1945 439 1985 semel
470 1946 685 1985 traductam
710 1945 783 1985 effe
810 1944 980 1985 civilium
1008 1958 1197 1985 armorum
1224 1946 1322 1985 cala.

46 2011 245 2057 mitatem3
268 2020 499 2059 quamquam
526 2006 622 2045 nihil
650 2006 704 2046 illi
730 2006 804 2046 suis
830 2005 1005 2056 auspiciis
1030 2005 1225 2057 gesserant.
1253 2007 1323 2047 Fa.

44 2071 130 2112 bius
156 2070 348 2112 Maximus
368 2083 401 2109 a.
428 2070 464 2109 d.
485 2069 541 2109 ΠΙ
556 2069 612 2109 Id.
637 2069 794 2110 Octobr.
816 2069 856 2107 in
879 2068 1077 2108 consulatu
1101 2068 1167 2108 suo
1189 2069 1322 2109 trium-

45 2133 206 2184 phavit;
235 2146 267 2172 a.
303 2133 339 2172 d.
378 2132 468 2172 Idus
499 2131 701 2172 Decembr.
735 2132 883 2171 Pedius.
915 2132 968 2172 Hi
993 2131 1202 2182 triumphi,
1231 2144 1322 2171 cum

45 2196 205 2234 minime
225 2195 374 2234 favente
397 2194 544 2245 populo
573 2195 824 2243 ducerentur,
855 2194 972 2233 etiam
1002 2193 1053 2233 ob
1081 2193 1321 2231 mediocrita-

46 2265 124 2295 tem
156 2270 307 2307 pompae
335 2257 443 2296 derisi
479 2256 575 2296 sunt.
629 2256 725 2296 Cum
758 2255 861 2295 enim
895 2255 1026 2306 paucis
1062 2263 1149 2293 ante
1181 2253 1318 2292 diebus

48 2318 167 2357 Caesar
203 2318 346 2369 oppida
383 2318 521 2358 eborea
553 2325 618 2357 aut
654 2325 830 2368 argentea
867 2315 1141 2364 transtuliffet,
1176 2314 1317 2354 deinde

47 2378 239 2419 Maximus
255 2379 402 2431 ligne33
425 2381 542 2418 thecas
561 2378 621 2432 ff
640 2379 840 2432 oppidorum
857 2379 1003 2431 Caefizris
1019 2377 1231 2427 jactitatum
1253 2375 1320 2416 est.

45 2543 62 2574 ς
95 2488 168 2576 {SR
190 2489 278 2525 Plut.
306 2491 340 2523 in
369 2489 454 2525 Caes.
474 2501 503 2524 c.
533 2489 587 2524 So.
611 2488 738 2533 Vellei.
757 2499 796 2533 2,
823 2488 875 2531 56.
904 2488 984 2524 Dio.
1005 2489 1149 2551 sueton.
1168 2486 1204 2519 in
1230 2484 1319 2526 Caes,
