1685 3042
307 220 383 286 ¹N
423 216 588 265 Loc,
625 215 755 262 ma.
795 180 952 261 cm
1000 216 1138 262 mv,
1287 229 1381 278 237

101 328 314 377 Laodicea,
334 330 374 366 in
400 324 595 377 peninsula
619 324 682 362 fita
698 353 708 370 ‚
738 320 934 372 praeclaras
961 334 980 359 a
1003 330 1103 361 terra
1128 322 1390 371 munitiones;

102 403 126 429 a
160 391 253 428 mari
290 398 442 439 portum
476 386 665 436 optimum
702 383 880 422 habebat.
924 386 959 421 ἃ
988 395 1077 421 cum
1106 397 1194 434 ager
1231 384 1386 433 frugum

101 452 258 501 vinique
286 449 536 489 feraciffimus
565 446 654 485 esset
671 476 683 492 ‚
714 444 960 483 commodam
986 443 1074 482 sane
1096 445 1294 483 stationem
1326 454 1388 482 at-

102 525 179 562 que
216 512 383 550 securam
420 506 630 548 Dolabessae
667 506 836 556 praestare
863 505 1074 544 videbatur.
1116 505 1191 544 Sed
1219 505 1383 552 Cassius,

101 584 193 610 cum
219 572 354 610 decem
379 568 622 620 legionibus,
646 569 680 607 &
706 566 930 606 cohortibus
955 565 1200 605 auxiliaribus
1227 566 1384 616 viginti..

99 638 137 675 ἅ
159 644 322 685 quatuor
346 633 510 672 millium
539 633 711 682 equitatu
734 629 964 681 suggressus,
997 641 1039 667 os
1065 628 1271 667 Laodiceni
1299 641 1389 677 por-

97 705 159 736 tus
180 697 371 735 obstruere
397 694 614 745 satagebat,
634 707 712 732 non
736 692 848 731 sacris
863 722 874 740 ,
893 704 974 729 non
998 689 1178 740 religiofis
1203 702 1386 739 parcens„

100 769 180 806 quo
205 758 334 795 minus
359 769 407 796 ex
432 754 661 795 suburbanis
681 753 853 792 aedificiis
874 752 959 791 saxa
980 751 1254 800 materiamque
1281 763 1386 789 com-

101 829 284 869 portaret.

160 879 266 918 XIV.
304 879 372 918 Per
407 879 491 918 haec
520 892 578 918 res
601 877 765 929 angustae
797 875 942 915 fiebant
966 871 1200 920 Dolabellae‚
1234 874 1390 923 jamque

101 941 272 980 triticum
300 952 418 990 penes
444 953 532 979 eum
568 942 683 979 ternis
709 938 935 978 tetrachmis
961 944 1066 982 erat;
1105 935 1169 973 sed
1193 943 1299 972 erant
1333 944 1389 973 ta-

98 1014 190 1040 men
216 1001 344 1040 adhuc
366 999 502 1039 solatio
528 1001 756 1040 Laodicenae
783 1011 922 1046 naves,
949 1009 1041 1046 quas
1065 995 1234 1035 Caffiana
1265 994 1388 1033 moles

100 1077 182 1104 non
208 1063 296 1102 satis
330 1056 436 1101 exitu
467 1058 709 1109 prohibebat
746 1057 845 1096 Mox
879 1059 915 1097 Sc
943 1057 1064 1097 claffis
1096 1056 1306 1097 Dolabellae
1332 1056 1391 1095 su-¹

95 1124 282 1174 pervenit.
328 1135 402 1173 qua
436 1120 601 1160 confisus
638 1120 858 1159 transmittit
892 1120 1085 1166 Aradum,
1126 1120 1308 1168 pecunias
1350 1120 1388 1158 δε

99 1197 216 1224 naves
253 1184 343 1223 inde
374 1196 527 1233 quoque
555 1184 768 1221 coacturus.
805 1181 869 1220 sed
893 1179 1147 1230 deprehensus
1176 1192 1264 1217 cum
1293 1191 1389 1228 pana

100 1248 184 1294 cis,
214 1245 431 1298 periculum
457 1258 554 1296 aegre
576 1244 709 1284 vitavit
736 1244 838 1293 fuga.
872 1243 991 1293 Igitur
1019 1241 1181 1287 Gallius,
1205 1242 1319 1279 millis
1346 1243 1387 1280 in

98 1309 338 1349 Phoeniciam
357 1308 589 1360 Lyciamque
605 1309 639 1346 &
656 1306 828 1346 Rhodios
842 1335 852 1353 ‚
869 1307 935 1355 qui
952 1304 1102 1343 class'em
1119 1304 1355 1342 adducerent
1371 1334 1384 1349 .,

98 1385 173 1412 nec
197 1373 353 1422 adjutus
369 1403 379 1420 ‚
400 1379 650 1421 praeterquam
669 1383 691 1408 a
713 1369 901 1415 Sidoniis,
932 1366 1122 1406 commisit
1136 1376 1265 1405 tamen
1288 1380 1388 1416 proe0

98 1434 226 1482 lium3
256 1447 332 1484 quo
373 1432 500 1483 plures
536 1431 715 1480 utrinque
752 1428 932 1468 demersae
974 1440 1087 1466 naves
1124 1427 1237 1473 sunt,
1273 1427 1388 1476 quin-

100 1509 175 1547 que
215 1509 289 1535 una
331 1507 421 1534 cum
456 1492 666 1544 remigibus
700 1494 735 1532 δε
774 1490 966 1531 claffiariis
1005 1488 1207 1529 Dolabella
1250 1498 1383 1539 captas

98 1559 273 1598 abduxit.
464 1596 468 1605 ,

172 1620 257 1659 XV.
300 1619 400 1667 Ergo
431 1616 573 1656 Caffius
608 1622 692 1652 tum
731 1613 780 1652 ad
808 1612 962 1652 eosdem
999 1611 1164 1658 iterum,
1192 1622 1213 1648 a
1246 1608 1386 1660 quibus:

100 1690 181 1720 erat
199 1688 438 1724 contethS‚
466 1687 547 1716 tum
571 1676 618 1715 ad
643 1676 814 1726 reginam
840 1673 1082 1723 Cleopatram
1108 1672 1218 1710 misit.
1250 1674 1285 1711 ὃς
1303 1672 1383 1722 ΤΥ,

96 1742 141 1779 rii
166 1741 320 1790 quidem
348 1739 551 1789 Aradiique
576 1749 666 1775 cum
695 1748 740 1774 eo
766 1748 925 1774 numero
953 1735 1127 1781 navium,
1153 1746 1266 1783 quem
1291 1746 1384 1772 con„

99 1802 215 1842 ficere
253 1808 481 1852 potuerant,
523 1799 741 1839 affuerunt:
782 1810 925 1847 parque
965 1797 1130 1836 studium
1162 1796 1381 1845 Serapionis

97 1866 196 1911 fuit,
232 1864 294 1913 qui
320 1863 533 1913 Cleopatrae
556 1869 692 1911 praetor
721 1861 760 1898 in
793 1859 948 1910 Cypro,
980 1858 1108 1908 regina
1140 1856 1382 1906 inconsulta,

100 1926 265 1967 castium
288 1927 399 1976 juvit.
443 1926 546 1965 Nam
573 1923 664 1969 illa,
705 1930 859 1971 propter
895 1919 1194 1958 familiaritatem
1231 1918 1386 1957 Caesaris

100 1991 320 2034 dictatoris,
348 1985 558 2027 Dolabellae
588 1983 768 2032 favebat,
807 1985 842 2022 ὃς
873 1982 990 2031 hujus
1020 1982 1059 2019 in
1089 1981 1247 2031 gratiam
1282 1979 1384 2030 paffa

97 2061 176 2091 erat
203 2050 343 2090 abduci
376 2049 546 2099 legiones
573 2047 621 2085 ab
646 2046 821 2085 Allieno:
859 2043 1091 2093 clafl‘emque
1119 2052 1291 2093 paratam
1319 2041 1385 2080 ha-

97 2114 242 2162 bebat,
275 2126 388 2164 quam
426 2113 460 2150 ei
488 2110 757 2156 submitteret3
797 2107 862 2147 sed
892 2120 936 2147 ea
972 2100 1095 2146 ventis
1131 2106 1383 2145 retinebatur.

96 2176 300 2227 pecuniam
330 2184 459 2214 tamen
485 2173 669 2225 grandem
700 2170 1052 2210 subministraverat.
1098 2168 1220 2208 Caffio
1252 2177 1383 2207 autem

96 2253 148 2278 ne
164 2239 351 2278 auxilium
379 2238 569 2284 mitteret,
586 2236 716 2287 famem
739 2235 1028 2288 pestilentiamque
1053 2230 1258 2272 excusabat
1273 2261 1284 2280 ‚
1314 2243 1383 2282 quo

86 2301 194 2352 simul
214 2312 351 2352 utroque
373 2301 464 2338 malo
485 2300 673 2350 AEgyptus
697 2309 912 2350 premeretur.

162 2359 268 2400 XVI.
310 2358 555 2398 Rhodiorum
590 2357 876 2408 Lydiorumque
914 2354 1131 2406 perplexius
1159 2349 1382 2403 responsum

146 2476 169 2520 5
187 2476 279 2508 XIII.
293 2475 373 2509 Dio.
393 2475 505 2508 Tacit.
524 2475 595 2507 Cic.
620 2473 773 2506 familiar.
798 2483 834 2504 η
849 2499 859 2513 ,
879 2483 915 2516 13
942 2472 975 2505 &
998 2483 1047 2509 ις.
1068 2471 1178 2503 strab.
1198 2469 1222 2501 l.
1240 2467 1291 2501 16.
1308 2467 1379 2513 Ap«,

100 2520 190 2564 plan.
215 2520 237 2565 §
261 2520 356 2557 XIV.
381 2520 454 2560 Cic.
481 2519 637 2555 familiar.
656 2519 736 2555 Dio.
758 2518 908 2563 Appiam.
929 2519 953 2564 §
975 2516 1053 2554 XV.
1073 2515 1156 2551 Dio.
1173 2513 1323 2558 Appiam
