1685 3042
294 227 377 274 ῐΝ
427 226 591 274 roc.
635 228 774 274 ΗΒ.
827 227 969 275 cxx
1018 232 1165 280 riv.
1295 240 1393 297 195*

100 343 234 374 narum
256 335 421 385 partium
439 333 639 373 intereffet.
666 332 751 372 Reis
780 330 852 372 hac
875 333 961 386 lege
989 338 1169 380 universis
1194 352 1270 380 una
1295 355 1388 395 prae„

101 398 210 436 conis
235 398 526 436 denuntiatione
556 396 659 434 dista
684 395 765 434 dies
786 395 865 444 est,
891 398 1140 449 damnatique
1172 401 1386 452 inspectant

101 465 139 496 te
165 458 307 497 Caesate
331 458 378 496 ad
402 466 519 496 unum
548 469 708 503 omnes,
734 455 907 497 absentes
932 458 1102 509 plerique
1119 491 1130 508 ,
1155 464 1310 501 nemine
1328 466 1389 513 ju.

107 519 239 557 dicum
263 517 484 556 absolvente
512 529 766 566 quemquam,
790 530 866 555 uno
894 517 1109 558 senatorum
1136 532 1299 573 excepto
1315 554 1325 571 ‚
1349 524 1387 563 Ρ,

100 580 231 620 Sicilio
266 580 486 627 Coronam,
518 580 583 629 qui
622 579 678 619 M.
711 579 868 619 Brutum
900 580 1062 620 absolvit
1095 581 1246 632 palam:
1278 588 1388 634 cujus

101 643 156 681 rei
179 642 410 682 dissimulata
432 643 583 682 interim
612 643 691 690 ira,
714 655 804 681 mox
830 643 1106 693 proscriptione
1136 645 1304 685 hominis
1325 660 1389 698 paz,

100 705 185 744 tuit.
216 705 254 744 P.
280 704 460 744 Servilius
483 704 597 743 Casca
613 735 624 752 ‚
657 704 722 753 qui
756 704 919 754 primum
943 706 1062 745 ictum
1087 706 1279 747 inflixerat
1303 709 1389 748 Cae-

99 766 196 815 sari,
229 766 470 805 tribunatum
504 765 624 816 plebis
653 778 699 803 eo
726 778 830 804 anno
859 767 1040 817 gerebat,
1071 771 1241 819 patiente
1268 769 1385 811 Octa.

100 828 239 874 viano,
270 828 438 878 quitum
467 827 597 866 adhuc
624 828 757 866 odium
785 827 823 865 in
849 828 1081 878 percussores
1109 830 1275 880 tegebat.

154 893 197 931 V.
229 891 265 931 Is
295 904 421 941 neque
452 890 689 929 adolescenti
718 891 865 938 fidens,
902 893 937 930 ὃς
970 892 1182 942 exagitatus
1214 905 1236 932 a
1269 892 1382 933 cice-

101 966 219 1000 rone,
243 953 332 1004 (qui
363 953 581 1007 parricidam
611 952 804 1003 apleare
838 952 1084 1003 sustinuerat,
1120 967 1209 994 cum
1248 958 1390 998 eodem

98 1025 273 1065 tempore
293 1028 361 1064 pro
390 1013 508 1052 salute
530 1014 812 1064 percussorum,
843 1015 981 1064 quibus
1010 1025 1090 1054 erat
1109 1017 1385 1070 amicissimus,

80 1076 284 1127 *Caesarem
321 1089 388 1125 per
423 1076 599 1125 epistolas
632 1076 820 1126 rogasset)
863 1090 941 1116 non
975 1077 1194 1128 exspeftato
1232 1079 1387 1122 Caesaris

100 1138 270 1177 adventu
285 1168 297 1183 ,
318 1137 443 1176 Roma
468 1136 701 1187 profugerat.
728 1137 844 1176 Hunc
865 1137 902 1177 P.
924 1137 1053 1177 Titius
1071 1137 1219 1190 collega
1234 1172 1243 1189 ‚
1269 1143 1389 1194 magi.

99 1199 214 1239 stratu
238 1199 450 1249 abrogato,
477 1211 583 1236 reum
611 1198 780 1248 peregit3
809 1201 844 1238 ἃ
869 1209 958 1237 ante
973 1213 1118 1240 annum
1141 1212 1313 1244 mortuus
1328 1205 1390 1244 fir..

97 1262 218 1301 mavit
241 1262 464 1311 opinionem
482 1291 493 1308 ,
519 1273 598 1299 non
630 1260 733 1310 posse
763 1274 906 1299 annum
930 1260 1191 1312 supervivere,
1216 1267 1279 1316 qui
1307 1267 1388 1307 col-

93 1323 189 1375 legae
220 1324 479 1374 magistratum
508 1322 725 1362 abstulisset.
765 1323 849 1362 Nec
874 1322 1050 1362 dissimile
1076 1324 1125 1374 Q.
1155 1326 1268 1366 Gauii
1292 1341 1389 1379 prae-

96 1386 191 1423 toris
213 1384 334 1424 fatum
352 1384 446 1430 fuit,
464 1386 574 1432 cujus
603 1396 718 1433 opera
746 1393 827 1421 tum
849 1382 964 1422 Bruto
990 1392 1104 1434 atque
1127 1386 1250 1426 Caffio
1273 1389 1384 1428 abro-

98 1458 229 1499 garum
256 1447 460 1498 imperium
485 1455 577 1486 erat.
609 1446 758 1486 Idcirco
786 1447 1022 1496 provinciam
1046 1448 1212 1487 Africam
1236 1451 1387 1499 praemii

98 1511 186 1550 loco
203 1513 336 1551 nactus
352 1524 371 1550 a
387 1509 553 1555 Caesare,
576 1509 692 1560 paulo
718 1510 799 1560 post
822 1509 1088 1550 miserabiliter
1105 1511 1261 1551 interiit.
1283 1514 1385 1555 Cum

97 1574 200 1612 enim
237 1572 440 1624 pugillares
474 1571 647 1620 duplices
677 1570 776 1609 veste
811 1581 942 1621 tegens
981 1573 1028 1610 ad
1065 1572 1245 1613 Caesarem
1286 1575 1386 1616 salu·

96 1635 256 1673 tandum
281 1632 492 1679 introisset,
518 1631 769 1683 suspicionem
794 1633 915 1672 movit
933 1633 1102 1683 gladium
1130 1635 1270 1676 occuli.
1296 1640 1385 1679 Nee

97 1695 207 1735 ausus
235 1696 355 1734 statim
391 1693 580 1743 inquirere
609 1693 754 1741 Caesar,
790 1708 838 1732 ne
867 1695 959 1744 quid
987 1695 1090 1734 aliud
1119 1699 1380 1751 inveniretur,

98 1756 214 1808 paulo
250 1757 332 1807 post
354 1769 375 1794 e
398 1754 579 1794 tribunali
609 1763 782 1804 raptum,
806 1755 976 1794 servilem
1000 1758 1039 1795 in
1067 1746 1222 1797 modum
1252 1762 1380 1813 torsit,

95 1828 379 1870 negantemque
400 1816 503 1866 juffit
525 1817 678 1865 occidi,
706 1817 807 1866 prius
830 1817 954 1855 oculis
974 1816 1036 1856 sua
1059 1831 1175 1857 manu
1200 1820 1353 1865 effoffis.

150 1891 213 1930 VI.
247 1890 328 1940 lpse
356 1888 495 1939 scripsit
517 1888 554 1926 in
584 1887 690 1926 libris
715 1888 762 1926 de
787 1888 864 1927 vita
892 1887 954 1926 suna
975 1920 985 1936 ‚
1018 1891 1064 1940 Q.
1095 1890 1280 1939 Gallium,
1311 1891 1384 1930 col.·

97 1953 214 2006 loquio
229 1954 359 2006 ρειὶιο,
387 1952 586 2002 insidiatum
604 1951 676 2001 fibi
690 1980 701 1999 ,
726 1950 975 2003 conjec‘lzsmque
995 1967 1017 1989 a
1042 1954 1082 2005 se
1103 1955 1138 1990 in
1164 1955 1348 2006 eustadium
1363 1968 1380 1996 ς

93 2017 214 2054 deinde
236 2016 316 2052 urbe
337 2015 516 2052 interdifla
537 2012 728 2064 ditmffum,
754 2010 942 2065 naufragio
970 2014 1028 2050 vel
1046 2014 1214 2053 [arion-zm
1243 2017 1380 2068 infidi1's

88 2076 235 2130 periisti.
266 2075 539 2115 Crudelitatem
570 2073 750 2122 Caesaris,
782 2087 857 2124 quo
888 2074 972 2124 plus
1003 2077 1267 2124 metuebatur,
1303 2080 1380 2119 stu·-

97 2138 236 2181 diosms
257 2146 384 2188 tegere
414 2145 527 2186 atque
557 2137 738 2185 adjuvare
763 2138 828 2174 nili
860 2135 945 2176 sunt
970 2151 1114 2176 omnes.
1150 2139 1273 2179 Gallio
1299 2155 1382 2180 ma..

95 2199 290 2250 gistratum
322 2198 551 2249 abrogarunt
581 2196 759 2247 collegae:
797 2198 965 2248 populus
1003 2200 1159 2249 diripuit
1189 2201 1377 2243 domum:

95 2251 222 2300 Patres
246 2260 380 2311 capitis
410 2260 699 2299 damnaverunt.
734 2259 911 2309 Namque
939 2259 1132 2299 fortunam
1154 2256 1380 2302 adolescem

143 2397 164 2440 §
189 2396 249 2429 IV.
274 2396 416 2438 Appian.
441 2395 517 2428 Liv.
540 2397 589 2440 Ep
592 2397 631 2428 it.
653 2395 741 2429 Plut.
762 2396 797 2429 ‘m
827 2398 921 2431 Brut.
951 2409 981 2431 c.
1008 2408 1070 2440 29,
1090 2397 1124 2430 &
1152 2398 1235 2431 Caes.
1265 2411 1293 2431 c.
1342 2411 1375 2437 ς.

97 2442 173 2474 Cic.
197 2442 235 2473 ad
261 2442 365 2474 Attic.
400 2441 861 2484 16‚14,&Ph'11.13‚1<„
897 2443 982 2475 ldem
1006 2443 1045 2475 ad
1071 2444 1164 2475 Brut
1192 2455 1244 2486 ep,
1275 2455 1314 2484 1,
1317 2412 1371 2478 9&

95 2487 252 2574 ξξωὲὶὲζ.
265 2496 409 2571 ειοΖ,7ι7..
440 2485 527 2529 §V.
554 2486 633 2519 Dio
661 2485 881 2531 Jul.01>seq
905 2488 1381 2531 c.129.Appian.Sueton,

160 2586 215 2638 T.
239 2585 333 2634 Liv.
358 2588 453 2643 Ῑζοῖ.
480 2586 578 2650 XI.¹
1109 2584 1153 2633 N
