1685 3042
298 198 377 245 1N
423 193 1149 246 Loc.1.1ss.c><1111.1V.
1330 209 1362 261 ς·

81 302 253 354 itemque
271 303 502 351 civitatibus,
519 302 670 341 donatis
689 301 926 342 mulctatisve
940 333 951 350 ,
971 305 1004 343 &
1027 304 1290 343 controversiis
1306 316 1370 343 coz

86 368 229 417 glutis,
257 365 389 416 gentili
415 364 481 403 suo
502 365 588 404 Sex.
620 364 762 404 Caesare
786 364 1007 415 legionibus
1030 367 1228 416 praeposito
1244 397 1255 413 ‚
1278 378 1367 406 cum

81 427 222 475 classe,
245 439 356 476 quam
385 425 488 475 sequi
508 424 688 474 jufferat,
703 428 740 464 in
757 426 931 466 Ciliciam
953 428 1241 475 contendit‚ad
1257 429 1368 467 Phar-

82 490 189 528 nacis
219 487 360 526 bellum
389 488 534 535 iturus,
570 499 646 537 quo
672 487 857 526 maturius
890 488 1001 527 rebus
1027 488 1068 527 in
1091 488 1210 536 urbe,
1241 491 1275 529 ἃ
1299 498 1366 540 per

80 549 297 600 provincias
322 549 492 598 undique
518 549 631 588 motis
660 548 781 600 posset
809 561 1018 589 occurrere.

134 607 198 650 IV.
231 611 331 649 Nam
356 613 391 649 ἃ
419 623 465 649 ex
488 610 581 649 urbe
603 610 810 650 seditiones
835 610 1126 659 nuntiabantur,
1155 613 1190 650 ὃς
1214 610 1253 649 in
1268 611 1368 651 Afri-

78 683 125 710 ca
153 681 268 721 atque
292 671 472 722 Hispania
496 685 572 711 non
598 672 892 711 contemnendae
918 673 1240 722 Pompejanorum
1269 674 1367 712 vires

76 730 354 774 coalescebaem
371 756 380 767 ι
396 730 482 781 §am
510 733 558 773 ad
584 743 729 772 ceteros
750 734 891 781 duces,
919 735 980 783 qui
1005 734 1042 772 in
1070 733 1235 773 Africam
1261 743 1367 772 erant

76 791 306 841 transvecti,
334 794 430 835 Cato
459 803 708 846 pervenerat,
740 794 896 845 ejusque
926 794 1109 845 sapientia
1139 797 1175 835 ὅ(
1202 797 1366 835 auetori-

78 864 160 896 tate
191 869 248 897 res
269 850 328 897 vibi
354 870 400 896 ex
428 858 581 898 incertis
605 858 782 908 variaque
807 856 1051 898 aemulatione
1084 858 1197 897 fluxis
1226 859 1366 897 consti-

78 924 169 956 tutae
202 917 434 969 firmataeque
462 927 583 957 erant.
626 919 783 969 Quippe
811 919 848 959 P.
873 920 1018 967 Varus,
1046 921 1365 974 quodsejamdizc

71 979 243 1034 praefiuffe
255 979 409 1030 Africae,
425 980 624 1032 sociumque
646 981 792 1018 vieloriae
811 981 909 1020 Jubae
925 980 1094 1028 ferebat,
1118 981 1275 1021 nolebat
1297 996 1364 1021 no-

79 1041 218 1080 bilitati
237 1042 487 1091 dignitatique
504 1042 546 1082 L.
569 1043 757 1092 Scipionis
779 1044 1002 1085 concedere.
1024 1046 1057 1084 8<
1073 1045 1181 1094 Jubae
1201 1057 1363 1096 uterque

79 1102 327 1151 adulabatur,
355 1103 394 1141 in
420 1101 497 1142 hoc
518 1105 683 1143 maxima
704 1104 780 1155 spei
812 1112 918 1155 parte
950 1106 1132 1156 reposita:
1168 1106 1365 1157 superbuit.

79 1178 155 1216 que
179 1178 243 1204 rex
273 1164 340 1205 suo
369 1166 550 1217 ingenio,
573 1179 619 1205 eo
647 1175 869 1216 pervenerat
896 1168 1140 1218 arrogantiae,
1167 1178 1209 1207 ut
1234 1170 1363 1220 primo

79 1226 278 1277 congress‘u
307 1226 487 1276 Catonis,
515 1227 616 1266 inter
641 1225 746 1266 hunc
773 1229 809 1267 &
836 1226 1058 1277 Scipionem
1093 1228 1245 1267 medius
1272 1241 1363 1268 con-

78 1289 227 1329 fideret.

134 1352 178 1391 V.
200 1351 275 1392 Sed
298 1350 418 1398 Cato,
448 1364 528 1390 non
557 1350 683 1390 ferens
718 1348 913 1401 publicam
939 1349 1215 1401 ignominiam,
1238 1349 1277 1390 in
1304 1352 1366 1392 al-

79 1422 205 1454 terum
230 1413 328 1454 latus
357 1414 546 1454 transtulit
566 1413 697 1454 sellam
724 1413 854 1461 suam,
885 1414 1180 1464 Scipionemque
1210 1416 1251 1453 in
1280 1427 1364 1454 me.

81 1476 190 1516 dium
216 1477 389 1528 accepit,
419 1489 652 1528 quamquam
684 1475 844 1514 infidum
874 1474 1073 1514 hominem
1100 1480 1135 1517 ἃ
1160 1477 1333 1526 iniquum
1350 1507 1362 1527 ‚

82 1541 128 1580 &x
149 1540 214 1589 qui
242 1547 348 1578 tanto
378 1538 546 1578 melioris
570 1537 640 1578 viri
673 1538 814 1578 famam
847 1538 961 1577 etiam
996 1537 1137 1589 scripto
1166 1540 1272 1579 edito
1302 1549 1362 1579 at-

80 1605 240 1641 trectare
259 1616 336 1641 non
361 1603 486 1641 fuerat
509 1604 661 1641 veritus.
686 1602 761 1641 Sed
789 1603 824 1641 δε
853 1601 980 1652 postea
1009 1602 1271 1642 deferentibus
1287 1603 1364 1642 im·-

80 1664 230 1715 perium
248 1665 448 1713 omnibus,
478 1664 604 1704 noluit
629 1665 801 1715 accipere
817 1694 827 1713 ,
854 1677 949 1717 turpe
966 1664 1128 1716 futurum
1155 1666 1357 1712 dieiitans,

69 1730 113 1781 fi
123 1743 186 1781 pro
202 1729 335 1781 legibus
356 1729 549 1777 dimicans,
571 1741 691 1768 contra
715 1729 807 1782 leges
827 1730 1016 1782 imperaret.
1030 1729 1256 1782 praesentibus
1271 1730 1361 1768 enim

79 1789 343 1842 confizlaribus,
365 1790 526 1842 imperare
545 1802 721 1843 praetorem
747 1803 817 1828 non
841 1801 999 1842 oportere.
1023 1789 1305 1838 Infistentibus,
1322 1792 1362 1829 ite

79 1850 189 1902 igitur
203 1879 214 1899 ,
237 1862 370 1902 aequata
389 1865 463 1890 cum
479 1851 640 1904 Scipione
658 1852 848 1904 potestate,
874 1851 1024 1905 praeeffi’t
1048 1853 1148 1890 rebus
1164 1881 1175 1900 ,
1198 1852 1238 1891 id
1265 1866 1359 1903 quo-

80 1924 156 1963 que
190 1912 400 1962 recusavit,
433 1913 605 1960 addens,
634 1914 740 1952 unius
775 1914 946 1967 auspiciis
975 1914 1208 1967 administrari
1240 1906 1359 1953 omnii'z

77 1974 271 2026 confiiltius
292 1975 363 2028 effe.

133 2036 196 2075 VI.
212 2036 274 2076 Sic
286 2037 333 2075 ad
348 2038 570 2094 Scipionem
584 2037 730 2079 summa
745 2050 868 2079 rerum
881 2040 1008 2088 rediit,
1025 2037 1190 2078 nominis
1206 2051 1359 2090 quoque

79 2096 228 2158 favore,
249 2099 450 2148 adjutum,
484 2098 703 2150 bellumque
737 2109 834 2141 terra
859 2102 1027 2150 marique
1053 2101 1159 2140 haud
1192 2100 1358 2151 segniter

79 2160 253 2210 apparari
271 2170 457 2212 coeptum.
476 2162 576 2202 Nam
593 2164 628 2202 &
641 2162 811 2203 Siciliam
823 2163 1114 2214 Sardiniamque
1129 2164 1360 2204 infestabant

80 2221 282 2271 clastibus,
326 2223 530 2274 captasque
560 2237 674 2263 naves
699 2225 989 2274 abstrahebant,
1026 2239 1129 2265 arma
1166 2227 1357 2277 praecipue

83 2286 119 2324 ἃ
142 2284 284 2325 ferrum
309 2296 539 2336 quaerentes,
566 2287 704 2337 quibus
731 2287 841 2327 rebus
864 2288 1051 2338 egebant:
1083 2289 1119 2327 ἃ
1148 2289 1190 2327 in
1204 2288 1328 2328 Africa
1342 2317 1354 2336 ,

137 2412 158 2452 Ε
181 2412 240 2445 111.
265 2413 373 2447 Tacit.
401 2413 589 2457 hist.1,.9
613 2412 713 2458 Josep
717 2413 750 2448 h.
778 2394 883 2459 antiq
904 2414 994 2448 Hirt.
1018 2413 1039 2458 §
1062 2415 1122 2447 IV.
1146 2415 1197 2458 Ap
1201 2416 1290 2459 pian.

88 2457 149 2489 vil.
175 2458 198 2489 1.
278 2458 352 2490 Liv.
378 2459 468 2502 Epit.
494 2459 575 2493 Dio.
600 2459 689 2496 Plut
712 2461 746 2492 in
771 2459 844 2494 Cat.
868 2472 897 2492 c.
925 2460 978 2505 83.
1014 2460 1035 2503 §
1057 2459 1098 2491 V.
1124 2427 1220 2493 Diop
1236 2460 1361 2508 Veli-J.

86 2513 129 2543 2,
155 2512 207 2543 54.
232 2501 318 2538 Plut.
347 2502 422 2536 Liv.
445 2505 536 2549 Epit.
1039 2550 1078 2594 Α

1044 2592 1048 2593 ⁷
1100 2566 1123 2595 2.
