1685 3042
323 190 411 262 252'
483 199 577 247 10.
616 198 1110 247 FREINSHEMH
1157 199 1512 249 SUPPLEM,

375 307 471 347 XX.
501 307 589 348 Hoc
615 314 783 357 terrore,
815 308 919 358 quod
950 307 989 346 in
1014 306 1169 347 civitate
1194 306 1332 348 sanum·
1351 315 1452 357 erat,
1479 308 1605 350 collo-⁴

322 367 410 417 quia
426 380 516 407 cum
532 368 680 409 Fannio
701 369 939 419 Lentuloque
963 369 1011 408 de
1035 380 1131 423 pace
1149 367 1364 418 habebant;
1389 381 1483 410 cum
1500 369 1603 410 subi-

321 436 363 468 to
385 431 610 482 conspectus
635 432 688 471 est
712 432 752 470 in
777 431 921 481 oppido
948 428 1115 477 eamus,
1143 442 1267 480 neque
1293 429 1401 470 scalis
1423 429 1604 482 superato

320 502 455 540 muro,
477 505 602 543 neque
633 492 712 532 ulla
745 500 902 531 externa
933 490 971 529 vi
1003 489 1189 531 adhibita.
1229 490 1407 530 Reclusas
1426 491 1478 530 ab
1506 493 1604 530 ami-

320 552 374 593 cis
404 555 486 603 ejus
522 556 558 595 δε
596 553 865 594 educatoribus
901 550 1096 601 postulas,
1124 565 1206 601 quae
1237 552 1365 593 multae
1393 554 1433 592 in
1459 554 1607 592 moeni-

322 612 393 654 bus
410 623 538 664 erant,
562 616 747 661 creditur;
768 612 1014 660 timentibus,
1039 625 1088 652 ne
1105 613 1142 651 vi
1164 624 1275 664 capta
1297 615 1459 655 Rhodus
1480 616 1605 655 omni-

321 688 375 714 no
399 677 620 716 dirueretur.
658 677 734 715 Sed
761 675 863 725 ipse,
891 683 1074 724 tanquam
1105 675 1180 714 fine
1203 677 1428 726 exceptione
1452 679 1603 726 victor,

321 736 415 777 licet
440 753 547 791 regem
570 740 605 778 δ’
627 739 801 776 dominum
823 736 1103 787 appellantibus
1117 768 1129 786 ‚
1153 751 1260 789 neque
1282 751 1390 791 regem
1403 739 1468 790 ft,
1493 754 1601 792 neque

322 801 497 838 dominum
527 800 614 853 effi,
645 801 713 853 fid
743 798 988 851 intersec‘lorem
1021 801 1111 852 regis
1144 811 1246 852 atque
1278 800 1410 839 domini
1446 800 1603 851 respon-

323 861 454 910 diil‘et3
495 861 597 901 hasta
625 860 694 900 sub
730 860 908 901 tribunali
941 861 1132 911 proposita
1167 861 1364 910 consedit,
1396 862 1603 903 interdicto

320 923 447 961 severe
472 922 657 963 militibus
672 954 684 971 ,
714 939 757 962 ne
778 924 858 975 quis
881 924 1079 976 corporibus
1106 935 1168 962 aut
1191 924 1290 963 rebus
1314 924 1528 963 Rhodiorum
1548 926 1605 964 in-

313 984 435 1038 jiceret
463 1000 611 1025 manum.
649 987 697 1025 At
730 985 809 1036 ipse
847 985 1102 1038 quinquaginta
1131 987 1362 1026 nominatim
1393 987 1529 1026 citatos
1557 1001 1604 1025 ex

320 1048 514 1086 <tucioribus
546 1047 628 1086 belli
656 1048 812 1086 Rhodiis
841 1048 922 1086 duci
951 1049 1000 1085 ad
1023 1048 1237 1101 supplicium
1266 1047 1400 1097 juffit:
1435 1050 1605 1099 quinque

323 1111 360 1148 Sc
384 1109 543 1165 viginti,
572 1123 667 1161 quos
701 1110 895 1161 negabant
934 1121 1179 1161 comparere,
1215 1111 1426 1150 damnavi?
1440 1111 1606 1152 exsilio:

315 1175 503 1226 pecuniam
527 1175 701 1227 publicam
732 1188 862 1212 omnem
889 1175 939 1212 ad
956 1174 996 1226 ft
1019 1175 1222 1224 comportari
1246 1173 1448 1224 praecepit,
1476 1187 1525 1213 ne
1551 1173 1607 1214 sa-

321 1236 394 1274 cris
430 1236 612 1286 quidem,
650 1238 685 1276 &
721 1236 885 1275 donariis
920 1235 1047 1276 Deum
1081 1234 1295 1276 abstinens:
1335 1235 1608 1287 orantibusque

319 1295 487 1336 Rhodiis
501 1328 512 1345 ‚
541 1312 582 1336 ne
602 1297 732 1335 cunffis
762 1298 939 1335 numinum
951 1297 1152 1347 stmulacris
1164 1297 1426 1350 spoliarentur,
1449 1299 1561 1336 Solem
1581 1312 1607 1337 a

312 1358 354 1410 se
378 1360 546 1411 relinqui,
575 1359 795 1410 respondit:
824 1358 1012 1398 intactum
1040 1358 1143 1397 enim
1173 1356 1269 1398 nihil
1290 1368 1424 1409 praeter
1451 1370 1609 1399 currum

325 1423 406 1471 ejus
426 1422 496 1461 Dei
520 1422 663 1462 fiverat.

378 1483 491 1524 XXI.
522 1484 599 1523 Sed
634 1496 679 1527 ea
703 1495 778 1522 vox
809 1482 979 1521 ominosa
1011 1481 1126 1532 paulo
1154 1481 1238 1532 post
1266 1481 1318 1521 est
1342 1480 1496 1529 habita,
1524 1488 1607 1521 tan-

323 1556 438 1594 quam
462 1543 635 1584 celeriter
659 1543 746 1583 luce
773 1545 981 1583 cariturum
999 1543 1265 1595 praesagientis.
1288 1543 1358 1583 sed
1376 1546 1411 1584 δε
1434 1545 1607 1586 edietum

323 1604 548 1655 proposuit,
564 1606 640 1652 uti,
663 1606 755 1658 quod
775 1605 913 1658 quifique
926 1605 1095 1658 privatim
1111 1605 1189 1642 auri
1211 1600 1387 1657 argentive
1403 1605 1606 1656 poffideret‚

322 1668 415 1705 intra
436 1668 562 1706 diHam
580 1668 670 1705 diem
686 1665 872 1720 profluet,
894 1677 1017 1706 morte
1038 1665 1249 1705 celantibus
1275 1666 1501 1706 denuntiata
1515 1695 1526 1715 ,
1548 1667 1608 1705 in-

324 1728 475 1769 dicibus
504 1728 683 1779 promisso
716 1729 901 1779 praemio:
936 1727 1049 1768 servis
1078 1728 1316 1774 libertatem,
1342 1727 1472 1767 liberis
1503 1727 1608 1768 deei-

325 1803 407 1830 mas
434 1791 691 1830 constituerat.
725 1789 844 1830 Multi
874 1799 1003 1829 tamen
1028 1790 1270 1830 occultandis
1291 1789 1401 1832 rebus
1424 1788 1498 1829 suis
1521 1802 1610 1840 per-

322 1853 522 1902 stiterunt,
549 1852 656 1904 plura
683 1854 820 1892 minari
847 1852 1036 1901 Casuum,
1061 1866 1175 1904 quam
1203 1852 1370 1892 faeturus
1393 1852 1504 1900 esset,
1531 1852 1609 1892 exi-

324 1916 534 1956 stimantes.
589 1915 766 1955 Ceterum
801 1915 866 1955 ubi
901 1929 949 1956 ex
984 1917 1112 1957 edisto
1145 1929 1277 1967 poenas
1311 1916 1608 1966 mercedemque

359 1979 481 2017 ecerni
498 1978 702 2026 viderunt,
728 1979 922 2029 prorogari
948 1980 1051 2018 diem
1079 1978 1333 2030 postulantes,
1359 1991 1405 2017 ex
1426 1979 1549 2029 puteis
1570 1980 1607 2018 Sc

327 2042 475 2090 foveis,
495 2041 562 2080 ubi
583 2054 708 2080 rerum
736 2039 995 2092 pretiosissima
1018 2040 1293 2087 condiderant,
1319 2048 1464 2078 tantam
1485 2052 1608 2089 opum

325 2103 404 2143 vim
435 2102 666 2152 attuierunt,
693 2112 736 2142 ut
767 2105 853 2143 οξτο
883 2102 1007 2143 millia
1042 2102 1274 2142 talentorum
1307 2101 1398 2140 inde
1427 2101 1606 2141 confecta

328 2166 549 2206 referantur.

379 2228 515 2269 XXII.
542 2229 678 2279 Neque
700 2227 758 2267 his
781 2236 1007 2276 contentus,
1039 2228 1250 2278 quingenta
1277 2224 1430 2275 insuper
1457 2222 1602 2263 talenta

327 2290 529 2340 imperavit
544 2291 688 2331 civitati
705 2305 714 2338 3
737 2280 984 2341 praefidioq'ue
1008 2288 1184 2340 imposito
1199 2318 1210 2335 ,
1228 2288 1270 2328 L.
1286 2288 1424 2326 Varum
1445 2285 1498 2324 ibi
1522 2284 1618 2323 relim

329 2354 422 2404 quit.
445 2352 514 2393 His
528 2352 639 2392 rebus
665 2352 788 2392 alacer
803 2350 944 2392 Caffius
958 2382 968 2399 ,
985 2349 1135 2405 (ausum
1158 2350 1260 2388 enim
1281 2347 1457 2387 immanis
1475 2346 1604 2397 operis

376 2465 396 2507 5
423 2464 496 2495 XX.
521 2463 609 2496 Plut.
633 2465 667 2495 'm
690 2464 782 2495 Brut.
812 2475 841 2494 c.
866 2474 917 2501 44.
942 2461 1061 2494 Euscb.
1088 2460 1164 2493 Val.
1192 2460 1286 2494 Max,
1318 2469 1329 2490 1
1347 2485 1357 2500 ,
1385 2469 1415 2500 5.
1455 2457 1477 2503 §
1510 2455 1604 2492 XXI,

325 2510 405 2544 Dio.
434 2511 509 2544 iai.
534 2508 628 2545 Max.
647 2508 737 2542 Plut.
763 2509 796 2540 in
824 2508 915 2540 Esut.
938 2519 967 2539 c.
987 2510 1044 2548 45.
1067 2506 1216 2549 Appian.
