1685 3042
206 184 286 231 IN
323 181 492 230 roc.
539 179 680 225 ΜΒ.
731 177 951 223 cxxvii
988 175 1136 222 LIV.
1226 177 1316 234 365

42 301 148 340 tum,
174 292 240 342 qui
269 289 353 330 suos
374 288 587 328 incolumes
611 293 853 335 receperant,
878 283 1134 334 pei-sonabant
1162 279 1320 326 laetitia3

40 355 108 394 sed
137 352 344 403 augebatur
382 349 576 399 strepitus,
608 346 690 385 suas
718 347 837 383 etiam
873 355 998 395 partes
1032 354 1169 395 agente
1201 342 1321 381 lustu.

43 428 133 456 nam
159 426 321 464 quorum
353 410 457 451 oculi
483 410 721 461 propinquos
748 407 879 446 frustra
912 406 1203 456 requifiverant‚
1232 415 1324 442 cum

42 477 137 517 fletu
175 476 395 525 gemituque
431 472 692 511 scrutabantur
727 470 892 509 omnia:
932 477 974 508 ut
1016 467 1157 514 etiam,
1188 465 1326 515 quibus

45 538 199 590 propria
229 535 371 574 doloris
401 542 466 572 aut
492 534 570 572 odii
598 532 708 571 causa
733 543 812 569 non
843 529 960 577 esset,
990 528 1154 568 aliorum
1183 525 1329 564 affecti-

48 600 120 638 bus
146 598 420 649 abriperentur.
441 596 489 635 fic
516 600 551 636 <Sc
571 596 651 636 dies
677 594 723 634 ab
744 594 803 633 his
818 623 829 642 ,
847 595 882 633 ἃ.
905 592 1028 632 nostis
1050 591 1173 639 major
1201 589 1331 626 exacta

47 675 134 713 pars
170 662 233 701 est.

101 724 205 764 XLI.
236 723 392 764 Interim
421 724 456 762 ὃς
482 721 645 761 aliorum
680 719 870 760 celebrata
892 718 977 757 sunt
1001 714 1214 767 frequentia
1239 725 1332 752 con-

49 787 176 834 vivia,
198 788 234 825 ὃς
259 786 483 835 pompejus,
504 785 660 823 admota
678 784 726 823 ad
743 782 884 822 molem
908 781 1072 827 hexere,
1096 778 1279 819 Caesarem
1296 777 1334 814 δε

51 850 265 889 Antonium
288 850 467 898 excepit3
498 848 602 886 haud
627 846 797 884 infacete
829 844 1029 891 dictitans,
1051 843 1090 879 in
1108 839 1238 879 carinis
1251 838 1335 891 ficis

43 912 84 964 se
103 925 229 950 coerzam
256 913 346 950 dare.
380 923 467 949 nam
499 910 644 949 Carinae
674 908 760 947 loco
796 919 937 946 nomen
968 912 1068 951 erat,
1091 904 1131 942 in
1156 914 1232 952 quo
1260 912 1336 950 pa-

54 981 181 1011 ternas
216 974 299 1020 ejus
335 973 436 1010 cedes
472 971 601 1010 Romae
638 971 721 1010 sitas
746 964 942 1010 'Antonius
980 965 1205 1018 poffidebat.
1232 963 1339 1003 Inter

54 1033 169 1084 hujus
198 1034 365 1073 convivii
396 1033 589 1081 laetitiam,
621 1032 858 1072 insusurrasse
887 1025 1337 1081 Pompejoil'lenodorus

56 1095 202 1143 fertur,
229 1096 327 1133 nullo
357 1096 494 1146 negoefo
514 1095 591 1147 jam
617 1094 695 1132 tolli
729 1093 974 1145 adversarios,
993 1102 1189 1143 patremque
1209 1087 1244 1125 6²
1260 1084 1342 1136 [πμ

53 1171 137 1197 trem
164 1158 340 1196 vindicari
361 1157 480 1211 poffe‚·
503 1166 614 1206 atque
647 1156 732 1204 ille,
754 1154 942 1206 paulisper
971 1152 1098 1191 secum
1128 1149 1343 1188 considera-

54 1228 119 1266 tO,
150 1219 408 1271 respondisse:
442 1221 526 1258 Non
555 1231 626 1257 erat
650 1219 713 1256 lzoc
738 1217 886 1270 facinus
917 1217 1096 1267 indignum
1122 1212 1340 1254 Mmodom,

44 1282 83 1332 fi
101 1280 223 1332 perfici
243 1281 370 1333 absque
405 1295 453 1320 me
469 1280 643 1333 potu-'flea
672 1281 779 1319 Nunc
810 1291 923 1317 autem
951 1275 1101 1316 contenti
1123 1275 1233 1324 fimus
1253 1284 1340 1324 prae-

48 1342 221 1394 sentibus.
244 1356 303 1380 nec
326 1343 415 1380 enim
441 1343 595 1394 pejerare
619 1356 727 1380 meum
749 1342 800 1394 est.
834 1338 1085 1389 Sequentibus
1109 1335 1245 1374 diebus
1266 1335 1342 1372 An-

59 1404 186 1443 tonius
209 1406 244 1443 &
270 1403 390 1443 Caesar
417 1404 645 1454 Pompejum
673 1402 902 1448 invitarunt,
932 1400 1061 1450 politis
1080 1396 1119 1434 in
1153 1393 1256 1434 mole
1285 1401 1341 1432 ta-

58 1463 300 1514 bernaculis,
326 1474 368 1504 ut
389 1466 506 1504 etiam
523 1466 565 1503 in
581 1464 689 1503 litore
702 1462 860 1513 praeberi
874 1460 1031 1512 epulum
1050 1456 1236 1497 militibus
1259 1453 1345 1505 pos-

58 1525 138 1565 set:
165 1527 230 1565 niss
258 1527 356 1565 forte
380 1526 468 1565 ideo
495 1517 639 1565 sac‘tum
671 1523 744 1571 est,
780 1531 823 1561 ut
848 1530 979 1561 contra
1005 1517 1258 1569 suspicionem
1289 1514 1341 1553 ad

60 1602 196 1628 manus
225 1589 411 1631 haberent
437 1588 618 1640 praesidia.
644 1599 716 1626 nec
743 1587 846 1625 enim
876 1585 1059 1624 hactenus
1092 1587 1171 1619 erat
1201 1577 1341 1618 instau-

59 1661 140 1692 rata
179 1653 364 1701 amicitia,
401 1661 444 1691 ut
481 1652 645 1690 invicem
684 1648 901 1700 {impliciter
929 1645 1177 1686 confiderent.
1209 1640 1274 1680 sed
1303 1641 1339 1679 &

58 1727 174 1753 naves
209 1723 315 1754 erant
353 1713 510 1764 praest0‚
536 1715 572 1753 ἅ
594 1711 792 1757 satellites,
815 1709 959 1760 ipfique
989 1707 1158 1746 convivae
1188 1702 1256 1743 sub
1279 1714 1343 1740 ve-

61 1774 113 1813 ste
134 1775 298 1814 accincti
329 1773 611 1814 discubuerant.
645 1773 747 1812 Inter
774 1771 857 1809 istas
890 1768 1021 1819 epulas
1049 1765 1222 1816 Pompeji
1245 1764 1341 1811 filia,

61 1837 219 1877 Libonis
248 1836 400 1887 neptis,
426 1836 485 1876 M.
511 1834 697 1875 Marcello
727 1831 909 1883 desponsa
939 1830 1013 1879 est,
1036 1829 1101 1880 qui
1125 1827 1252 1866 sorore
1278 1837 1341 1876 ge-

62 1899 166 1938 nitus
192 1899 368 1947 Caesaris,
394 1901 430 1946 ἃ
455 1898 652 1949 privignus
687 1895 843 1936 Antonii
872 1903 961 1933 erat.

118 1969 242 2010 XLII.
282 1969 432 2009 Postero
458 1969 599 2009 deinde
627 1967 691 2006 die
725 1964 898 2005 consules
934 1964 984 2003 ita
1015 1961 1102 2001 sunt
1129 1957 1337 2010 defignati:

63 2032 252 2072 Antonius
268 2034 303 2072 δι
320 2032 436 2079 Libo,
455 2032 506 2070 ita
520 2039 563 2070 ut
580 2029 763 2070 Antonius
776 2039 929 2078 quoque
944 2039 1010 2076 pro
1026 2024 1063 2063 se
1079 2023 1335 2067 substitueret,

65 2107 179 2144 quem
206 2093 402 2142 voluiffet3
430 2093 610 2142 deinceps
647 2089 767 2131 Caesar
791 2091 828 2129 δε
865 2088 1090 2137 Pompeius,
1123 2097 1213 2124 mox
1238 2081 1341 2122 Ahe-

61 2155 258 2195 nobarbus
285 2158 320 2196 &
341 2155 484 2203 Solius,
514 2154 702 2204 postremo
729 2151 915 2192 Antonius
939 2153 975 2190 δε
1000 2148 1140 2196 Caesar,
1167 2147 1231 2197 qui
1253 2153 1338 2183 tum

64 2218 219 2258 tertium
250 2219 369 2258 futuri
409 2217 612 2265 consules,
650 2213 928 2266 rempublicam
964 2211 1147 2252 reddituri
1189 2206 1336 2260 populo

64 2280 240 2320 Romano
265 2279 524 2332 sperabantur.
570 2278 648 2318 Sed
685 2283 841 2328 apparet
874 2285 1029 2322 tamen,
1054 2272 1273 2324 proximum
1295 2268 1338 2307 in

105 2406 127 2448 ξ
154 2405 224 2437 XL.
248 2405 337 2438 Plut.
359 2404 438 2438 Dio.
467 2404 487 2442 Ε
512 2402 598 2436 XLI.
622 2403 765 2446 Appian.
789 2400 869 2435 Dio.
897 2398 1020 2440 Vellei.
1046 2409 1064 2431 2
1080 2424 1089 2438 ‚
1113 2407 1168 2437 77.
1206 2393 1333 2428 Austor-

64 2459 104 2491 εἰς
128 2461 192 2491 vir.
215 2460 262 2491 ill.
285 2470 312 2490 c.
343 2458 399 2490 32.
423 2458 511 2490 Plan
