1685 3042
289 212 381 256 226
440 209 1095 267 JO.FREINSHEM11
1145 184 1511 261 SUPP'LEM.

286 328 383 365 quos
409 323 637 366 potuerant,
662 316 776 356 armis
802 317 1009 368 signisque,
1033 317 1082 356 ad
1110 316 1275 368 speciem
1301 319 1492 359 exercitus
1516 321 1574 358 in-

287 377 439 425 strueti,
471 379 619 429 partitis
655 379 776 428 copiis
805 379 855 417 ad
878 379 1020 418 fretum
1052 380 1346 419 contenderunt.
1373 382 1449 421 Sed
1477 381 1578 420 acci-

287 438 350 477 dit
372 439 493 489 forte‚
519 448 560 479 ut
579 441 738 488 eodem,
762 441 804 479 in
831 440 931 479 colle
958 441 1128 491 quodam
1143 471 1154 489 ‚
1172 443 1439 491 pernoctantes
1454 473 1465 491 ,
1481 443 1576 481 dum

284 500 420 540 missos
444 502 621 542 adversus
645 502 682 541 se
707 503 830 542 Roma
857 502 995 540 milites
1017 502 1201 549 credunt,
1227 511 1361 542 mutuo
1386 515 1472 542 cum
1494 515 1574 541 me-

286 569 330 601 tu
357 562 394 602 se
423 572 723 612 contuerentur;
756 577 847 602 mox
879 565 1004 613 prima
1034 562 1122 603 luce
1151 564 1295 604 infestis
1330 566 1443 604 armis
1479 577 1577 603 con·

286 634 508 674 currerent,
538 627 662 666 donec
694 626 838 676 agniti,
871 625 1095 674 laboresque
1123 625 1211 664 suos
1247 628 1283 665 δι
1319 627 1575 677 pervicaciam

284 686 452 726 fortunae
491 688 684 736 miserati,
713 688 864 735 diversis
907 680 1071 726 navibus
1107 686 1202 726 alter
1234 689 1284 727 ad
1322 689 1574 739 Pompejum,

285 748 381 787 alter
407 750 456 788 ad
482 750 640 789 Brutum
663 749 874 790 evaserunt.

343 811 481 848 XCVI.
501 810 578 848 Pari
600 809 840 849 vaframento
866 809 1018 850 secutus
1039 811 1092 849 est
1116 811 1343 857 Ventidius,
1363 810 1427 849 sed
1450 809 1576 848 liberti

285 866 345 909 sui
364 870 517 920 ingenio
535 872 572 909 δε
595 871 693 918 fide,
715 872 781 921 qui
799 879 1027 922 patronum,
1053 872 1164 911 simul
1187 880 1300 923 atque
1321 871 1577 922 proscriptum

285 933 496 985 cognovit,
523 933 709 972 continuo
741 935 941 982 vinxerat,
966 934 1068 984 quasi
1098 934 1328 973 tradendum
1352 931 1578 985 percussori-

282 991 380 1032 bus:
410 993 474 1032 sed
497 995 614 1033 noc'tu
630 1025 640 1042 ‚
670 993 849 1044 persuafis
875 994 1011 1043 servis,
1040 1007 1130 1035 cum
1154 1004 1299 1035 armata
1324 993 1473 1034 familia
1499 1002 1581 1032 tan-

283 1066 405 1103 quam
433 1057 699 1096 centurionem
743 1055 852 1095 miles
883 1055 1032 1096 secutus
1063 1058 1126 1098 est.
1164 1048 1494 1100 perveneruntque
1524 1054 1582 1088 fe·

281 1113 408 1152 liciter
436 1116 474 1147 in
497 1110 690 1158 Siciliam,
721 1121 808 1148 cum
833 1109 931 1159 saepe
956 1109 995 1147 in
1017 1109 1158 1149 eodem
1184 1109 1391 1149 diversorio
1408 1121 1497 1148 cum
1515 1121 1576 1150 ve.

285 1171 340 1210 1is
371 1170 664 1210 centurionibus
691 1170 914 1208 Ventidium
943 1168 1198 1220 quaerentibus
1231 1168 1524 1220 pernoctassent.

355 1239 513 1281 XCVII.
545 1240 600 1280 M.
637 1239 812 1279 Volusius
844 1238 964 1278 aedilis
997 1238 1142 1289 plebis,
1178 1247 1332 1289 recepta
1363 1251 1485 1289 nuper
1516 1237 1582 1278 su·

284 1302 508 1352 perstitione
527 1301 647 1341 ,Ifidis
680 1302 729 1340 ad
760 1300 918 1340 salutem
949 1300 1086 1340 abusus
1116 1301 1179 1342 est.
1217 1301 1322 1341 linea
1349 1302 1453 1340 enim
1487 1300 1582 1340 stola

284 1375 379 1402 cum
403 1363 561 1413 persona
586 1364 783 1414 canicipiti
811 1364 858 1403 ab
885 1365 1011 1403 amico
1037 1365 1154 1404 Isiaco
1180 1363 1303 1403 sumta
1323 1395 1332 1410 ‚
1359 1377 1426 1415 per
1445 1364 1582 1404 itinera

287 1424 442 1475 viasque
473 1425 649 1475 publicas
683 1427 817 1476 stipem
850 1435 1010 1476 petens,
1037 1427 1161 1466 evasit.
1193 1425 1378 1466 Rebilum
1419 1425 1582 1465 audacia

286 1487 474 1536 servavit,
491 1490 526 1527 ὁὶ
546 1488 814 1528 Themistoclis
836 1489 1014 1529 imitatio.
1040 1489 1277 1529 Nauclerum
1294 1489 1398 1527 enim
1413 1518 1424 1534 ‚
1445 1490 1509 1538 qui
1522 1503 1582 1541 pe-

287 1551 430 1588 cuniam
458 1549 506 1588 ab
532 1562 578 1587 eo
607 1549 786 1599 petebat,
822 1551 861 1587 ni
883 1552 986 1603 prodi
1017 1550 1162 1598 mallet,
1188 1550 1328 1589 eodem
1355 1559 1578 1589 commento

289 1613 448 1659 terruit,
477 1614 517 1665 se
559 1613 790 1652 denuntians
827 1613 1090 1660 indicaturum,
1125 1614 1219 1664 quod
1250 1625 1393 1665 accepta
1431 1613 1583 1665 pecunia

285 1676 514 1729 proscriptum
545 1676 690 1714 veheret.
727 1676 790 1716 Sic
816 1688 837 1714 a
872 1676 1003 1713 territo
1037 1676 1236 1725 pervectus
1267 1675 1315 1714 ad
1355 1675 1583 1725 Pompejum

293 1737 347 1776 est
376 1737 591 1788 incolumis.
634 1739 802 1788 Appius,
832 1750 926 1788 opes
953 1737 1034 1777 suas
1074 1737 1226 1777 famulis
1257 1738 1461 1786 dividens,
1491 1750 1582 1776 cum

246 1843 248 1845 ,
291 1800 354 1841 his
375 1803 415 1841 in
444 1802 611 1842 Siciliam
638 1801 851 1853 navigabat.
891 1801 949 1840 Ibi
975 1800 1196 1851 tempestate
1228 1809 1384 1847 exorta,
1408 1799 1580 1851 pecuniae

291 1863 507 1912 inhiantes,
530 1864 714 1912 juss‘erunt
745 1877 835 1902 eum
872 1864 909 1900 in
929 1864 1098 1915 scapham
1125 1863 1282 1901 tutiorem
1304 1861 1520 1913 descendere:
1544 1862 1582 1900 δε

290 1925 388 1965 favit
416 1928 450 1966 ei
474 1927 649 1974 fortuna,
678 1926 972 1975 simulatumque
1004 1924 1194 1963 auxilium
1218 1937 1344 1963 veram
1375 1924 1408 1962 ei
1430 1923 1584 1962 incolu-

292 1990 470 2028 mitatem
512 1988 706 2039 praestitit,
737 1990 778 2027 in
812 1988 951 2039 scapha
991 1986 1271 2038 transportato,
1308 1998 1395 2025 curn
1436 1988 1582 2025 interea

292 2064 430 2091 navem
458 2051 595 2090 fluctus
619 2050 908 2092 absorbuissent.

347 2123 522 2164 XCVIII.
538 2124 582 2163 Et
595 2123 665 2162 hos
681 2123 836 2173 quidem
856 2122 1013 2161 servavit
1028 2122 1130 2173 fuga.
1145 2120 1334 2162 Nonnulli
1352 2133 1418 2170 per
1433 2118 1580 2159 inculta

293 2198 521 2237 camporum
540 2217 550 2234 ,
579 2195 644 2225 aut
667 2186 782 2225 etiam
815 2185 853 2223 in
879 2183 1082 2234 sepulcris,
1113 2184 1174 2222 vel
1201 2183 1279 2233 ipsa
1309 2183 1401 2222 urb'e
1422 2182 1583 2221 latitan-

293 2257 376 2295 tes,
413 2249 610 2298 pacatiora
657 2247 873 2297 exspectare
915 2257 1088 2296 tempora
1132 2254 1350 2295 potuerunt.
1401 2245 1580 2294 Quorum

292 2311 452 2353 marcus
477 2311 655 2361 quidam,
679 2310 751 2349 suis
777 2311 815 2349 in
840 2310 986 2349 aedibus
1014 2309 1088 2347 fide
1115 2307 1306 2347 servorum
1340 2308 1578 2355 occultatus,

294 2372 412 2421 inde,
441 2385 535 2424 pace
566 2372 754 2420 restituta,
777 2371 882 2412 velut
909 2371 956 2410 ab
983 2369 1110 2409 exsilio
1133 2371 1174 2408 in
1201 2368 1399 2420 publicum
1425 2367 1580 2418 prodiit.

343 2506 366 2550 5
393 2504 502 2542 xcv.
526 2505 600 2542 vai.
627 2504 720 2538 Max.
742 2476 781 2546 γ’,
805 2514 833 2547 3.
864 2502 886 2548 5
914 2500 1058 2540 xcvii.
1080 2499 1157 2536 vai.
1187 2499 1281 2534 Max.
1308 2512 1347 2543 :-
1372 2509 1401 2543 3.
1434 2497 1581 2543 Appiam.
