1685 3042
293 186 386 250 284
450 188 542 237 Jo.
593 187 1092 236 FREINSHEMLI
1128 162 1489 234 suppum

289 296 450 336 alteram
466 298 616 345 aciem,
638 310 753 348 quam
775 296 896 336 Caesar
921 294 1177 347 opposuerat,
1196 293 1346 344 perfert.
1373 292 1570 334 Sinistrum

288 359 331 399 id
363 360 530 401 hostium
554 371 681 400 =cornu
707 368 809 400 erat:
838 360 876 398 id
907 370 1059 409 quoque
1085 357 1277 395 circumiit
1302 369 1392 395 cum
1415 355 1567 407 legione

287 420 354 460 sua
369 418 564 471 Messalla,
588 422 856 473 sequenti-bus,
881 434 964 470 quae
984 421 1090 470 juxta
1110 427 1218 459 erant
1233 417 1456 458 collocatae:
1479 430 1571 467 pau-

288 481 418 532 cisque
441 483 522 531 ejus
544 484 580 522 &
604 484 783 522 extremis
813 481 1011 520 ordinibus
1042 480 1211 530 disjectis
1228 511 1240 528 ,
1268 480 1307 518 in
1336 480 1455 518 castra
1483 479 1575 522 Cae-2

286 543 378 585 saris
413 553 644 597 penetratur.
686 557 824 594 magna
851 543 907 582 ibi
939 544 1062 582 caedes
1094 543 1193 582 facta
1224 555 1379 588 eorum,
1404 540 1468 591 qui
1499 541 1574 580 de-

285 604 459 656 prehensr
491 607 531 644 in
566 606 691 645 castris
722 613 841 643 erant.
888 605 986 642 inter
1019 612 1165 652 ceteros
1189 603 1267 642 duo
1295 602 1414 641 millia
1446 600 1573 641 occisa

287 667 589 717 Spartanorum,
619 667 685 716 qui
719 679 850 705 recens
888 665 1007 704 domo
1043 665 1289 703 advenerant.
1338 663 1423 713 Ipse
1452 662 1572 702 Caesar

284 729 426 768 Artorii
459 740 592 778 rogatu
624 726 742 778 paulo
777 736 863 765 ante
898 727 1023 765 castris
1057 725 1205 774 elatus,
1239 725 1398 769 evitavit
1429 733 1572 763 certam

283 791 522 841 perniciem,
559 789 649 828 licet
681 789 831 828 summo
872 788 1085 828 discrimine
1119 801 1164 827 ac
1193 786 1378 827 molestia.
1415 799 1505 824 nam
1536 788 1573 825 ὃς

286 863 410 890 vacua
432 850 567 890 lectica
588 852 669 901 ejus
698 851 785 901 pilis
811 858 923 900 atque
949 848 1086 899 jaculis
1110 847 1310 888 transfoffa
1326 848 1413 895 ,est3
1439 849 1474 887 ἃ
1496 847 1576 897 ipse

285 912 412 950 triduo
434 912 473 950 in
500 911 644 962 pathe
669 922 829 963 aegrotus
845 943 858 959 ,
878 914 912 952 ok
932 942 941 959 ‚
970 923 1012 950 ut
1039 911 1204 962 Agrippa
1230 908 1493 959 Maeeenasque
1516 909 1575 948 fa-

287 980 442 1022 tentur,
468 987 567 1024 aqua
597 974 723 1014 subter
754 982 881 1012 cutem
907 973 988 1012 fusa
1015 973 1189 1024 turgidus
1218 972 1352 1020 latuit,
1377 972 1502 1010 donec
1526 972 1575 1011 ad

288 1034 446 1074 Antonii
470 1046 592 1073 cornu
623 1035 714 1085 fuga
745 1035 969 1085 perveniret.
1000 1033 1158 1073 Interim
1186 1035 1221 1073 Sc
1245 1033 1380 1072 Brutus
1400 1044 1488 1071 cum
1514 1045 1576 1071 ce-

285 1097 375 1135 teris
401 1096 521 1147 copiis
549 1104 769 1149 perruperat
801 1095 952 1136 Caesaris
986 1095 1133 1143 aciem,
1160 1094 1353 1144 stratisque
1376 1094 1496 1133 tribus
1519 1094 1576 1133 le-

289 1158 489 1209 gionibus,
528 1161 564 1199 &
593 1159 758 1198 totidem
793 1158 929 1209 aquilis
962 1157 1101 1208 captis,
1137 1170 1227 1196 cum
1256 1155 1496 1207 fugientibus
1529 1158 1571 1196 in

287 1221 405 1260 castra
432 1220 599 1260 hostium
630 1221 829 1260 inciderat.

342 1282 414 1322 IX.
447 1282 549 1323 Mira
573 1296 620 1322 eo
644 1284 707 1323 die
731 1283 852 1322 facies
882 1295 1009 1322 rerum
1040 1282 1138 1330 suit,
1162 1293 1250 1321 cum
1278 1281 1430 1321 fortuna
1456 1282 1575 1333 magis

287 1348 449 1393 omnia,
476 1359 593 1396 quam
625 1357 690 1385 aut
714 1347 877 1393 virtute,
904 1354 968 1385 aut
997 1345 1154 1384 confilio
1181 1354 1410 1395 regerentur.
1440 1345 1575 1395 Itaque

286 1419 360 1446 nec
392 1406 636 1457 scriptoribus
665 1407 752 1447 satis
793 1408 891 1446 inter
917 1406 953 1446 se
979 1406 1183 1455 convenit3
1220 1419 1346 1456 neque
1383 1406 1574 1456 explicari

286 1471 573 1520 propemodum
596 1484 654 1510 res
677 1479 758 1509 tota
780 1470 924 1520 potest,
948 1470 1015 1508 nisl
1042 1470 1146 1519 quod
1173 1469 1266 1508 hinc
1291 1469 1441 1509 Caesaris
1463 1482 1575 1509 exer-

287 1533 388 1571 citus
405 1563 416 1580 ,
437 1533 527 1571 inde
557 1532 669 1573 Caffii
695 1532 810 1572 caesus
841 1531 1070 1582 fugatusque
1094 1532 1173 1571 est:
1204 1533 1410 1571 interfectis
1437 1532 1576 1573 Caffia-

287 1606 429 1634 norum
455 1597 542 1634 osto
570 1594 758 1643 millibus,
783 1596 1067 1635 connumeratis
1093 1596 1128 1634 ἃ
1151 1594 1263 1634 servis
1288 1595 1464 1641 armatis,
1480 1608 1577 1645 quos

288 1656 419 1707 Brigas
445 1658 608 1698 vocabat
625 1658 789 1706 Brutus;
819 1659 855 1698 &
879 1657 1174 1698 Caesarianorum
1203 1656 1372 1696 millibus
1398 1657 1577 1698 sedecim.

290 1719 408 1759 castra
444 1733 600 1771 quoque
635 1722 812 1772 utrinque
850 1728 962 1771 capta
995 1719 1107 1767 sunt3
1146 1732 1234 1759 cum
1268 1733 1392 1770 neque
1425 1719 1576 1767 Caesar,

290 1783 398 1832 quod
431 1792 576 1822 certum
602 1783 679 1830 est,
710 1795 856 1833 neque,
883 1791 925 1822 ut
957 1795 976 1821 a
998 1782 1125 1821 multis
1151 1783 1202 1821 est
1225 1782 1435 1828 creditum,
1460 1783 1578 1821 Anto..

290 1845 381 1885 nius
405 1858 541 1896 pugnae
564 1844 767 1884 affuissent.
807 1845 882 1885 Sed
908 1845 1139 1891 Antoniani,
1158 1845 1318 1893 disjecio
1352 1843 1461 1883 Caffii
1485 1856 1579 1893 ope-

290 1919 356 1954 re,
381 1906 573 1958 caesoque,
596 1907 699 1957 quod
722 1906 879 1954 aderat,
906 1905 1101 1956 praelidio,
1117 1904 1310 1944 submissas
1331 1905 1446 1944 etiam
1474 1903 1580 1943 auxi-

291 1967 347 2008 lio
375 1969 504 2019 copias
527 1969 653 2007 statim
682 1967 940 2019 pepulerunt,
963 1967 1160 2017 equitibus
1185 1976 1368 2005 contento
1395 1965 1501 2005 cursu
1526 1966 1577 2005 ad

289 2044 396 2071 mare
423 2031 671 2081 fugientibus.
717 2043 788 2069 nec
819 2030 968 2080 pedites
997 2030 1149 2068 retineri
1180 2038 1386 2079 potuerunt
1406 2059 1417 2074 ‚
1446 2040 1578 2078 quam-

292 2106 407 2144 quam
430 2093 560 2132 omnia
582 2093 748 2132 faciente
771 2091 894 2131 Caffio
909 2122 919 2139 ‚
937 2094 1002 2141 qui
1029 2093 1063 2131 δε
1086 2099 1259 2142 ereptum
1282 2090 1443 2140 fugienti
1467 2089 1577 2139 signi-

291 2155 373 2194 fero
407 2155 553 2205 signum
578 2162 666 2193 ante
695 2155 812 2204 pedes
840 2153 950 2193 humi
973 2153 1169 2192 defixerat.
1200 2152 1354 2192 Interim
1384 2152 1433 2190 ad
1459 2150 1576 2189 castra

292 2215 375 2268 ipsa
403 2217 688 2255 contenderunt
722 2216 871 2263 hostes,
901 2224 1090 2266 quotquot
1123 2215 1317 2263 objectum
1347 2227 1367 2252 a
1397 2212 1580 2252 Cassianis

294 2290 393 2328 opus
427 2273 697 2328 perruperant:
736 2289 856 2327 eaque
882 2290 938 2316 res
965 2275 1249 2322 animadversa,
1272 2285 1483 2314 ceterorum
1509 2274 1577 2312 ad-

295 2336 374 2377 huc
406 2348 511 2378 extra
551 2338 667 2378 castra
705 2339 958 2389 pugnantium
994 2350 1174 2389 pavorem
1214 2337 1422 2388 fugamque
1456 2336 1576 2375 auxit.

298 2456 364 2534 Ag
398 2456 495 2490 vul.
520 2455 609 2491 Plut.
637 2456 783 2501 Appiam.
806 2455 929 2499 Vellei.
962 2466 999 2499 3,
1028 2466 1082 2497 70.
1111 2455 1196 2489 Plin.
1216 2465 1234 2496 7
1252 2481 1261 2496 ,
1285 2467 1337 2497 ⁴5-
1360 2456 1500 2489 Sueton.
1538 2454 1575 2487 ‘m

330 2512 385 2546 ug.
407 2511 436 2536 c.
469 2512 519 2545 ¹3·
