1685 3042
282 207 357 253 IN
400 205 578 252 roe.
622 203 760 247 tra.
797 196 954 248 var
1017 204 1157 250 mv,
1293 217 1355 267 97

70 314 144 354 Sed
164 316 196 355 Sc
211 314 473 353 Artemidorus
492 310 675 356 Cnidius,
689 310 755 359 qui
772 318 926 358 propter
948 307 1085 359 linguae
1111 310 1248 350 Graecae
1266 324 1353 362 proae

67 375 268 414 feffionem
304 371 490 424 plerisque
526 371 631 410 Bruti
662 369 913 408 familiaribus
941 381 1055 407 notus
1074 402 1085 418 ‚
1111 372 1263 411 consilia
1291 386 1360 411 eo-

67 450 153 475 rum
187 436 370 477 olfecerat
391 464 403 482 ,
442 431 576 471 libello
611 434 814 482 porrec‘to,
845 443 934 469 cum
979 431 1129 470 vidisset
1161 433 1254 472 alios
1287 433 1359 484 ipsi

70 499 220 537 oblatos
243 498 379 536 amicis
407 494 644 541 tradentem,
671 495 782 540 lzzmc,
805 493 877 539 ait,
902 507 1008 543 operae
1038 494 1185 543 pierium
1216 496 1260 546 est
1284 496 1355 547 ipse

64 562 247 614 perlegas,
268 561 302 598 ἃ
326 559 407 601 cito.
448 557 526 596 Sed
558 555 654 606 saepe
684 564 888 594 conantem
920 554 1081 594 subinde
1106 555 1363 595 intervenis-:11⁴

69 632 128 661 tes
150 620 212 660 alii
234 619 513 669 salutantesque
539 627 776 658 averterunt:
805 629 999 666 manuque
1019 615 1194 656 libellum
1226 626 1360 657 tenens

70 685 214 724 curiam
241 682 399 724 introiit.

126 747 185 786 LI.
219 746 295 786 Sub
323 745 427 783 idem
454 751 607 794 tempus
633 755 703 793 pro
726 739 909 781 tribunali
926 740 1063 780 Brutus
1090 741 1149 789 jus
1176 740 1363 781 reddebat

68 809 124 848 ita
151 810 283 849 securo
306 809 412 848 vultu
430 839 441 857 ‚
468 818 511 846 ut
533 807 674 846 nullius
701 806 842 845 insoliti
859 804 1004 844 consilii
1029 813 1122 842 nota
1147 805 1364 854 deprehen-

73 871 236 911 deretur.
264 870 425 909 Cuidam
453 879 582 907 tamen
607 867 816 918 appellanti
852 864 1033 906 Caesarem
1068 863 1284 915 respondit,
1306 881 1366 902 ne-

70 947 134 985 que
155 933 315 985 prohibet
338 947 388 968 me
402 931 465 982 jus
487 932 676 983 secundum
709 930 799 980 leges
822 929 931 966 dicere
963 928 1098 979 Caefiu,
1122 940 1226 978 neque
1241 926 1363 977 prohi-

71 994 173 1030 bebit.
197 992 344 1031 Interea
360 992 557 1030 nuntiatur
581 991 639 1035 ei,
657 1004 796 1028 uxorem
818 988 980 1027 Porciam
1003 987 1143 1036 deficere
1157 1017 1168 1032 ,
1184 1000 1266 1036 quae
1285 999 1363 1026 una

70 1052 275 1092 mulierum
300 1051 595 1099 conspirationis
627 1050 740 1098 hujus
767 1057 845 1087 erat
867 1046 1028 1086 conscia.
1070 1046 1225 1095 Quippe
1251 1047 1364 1082 mari.-

71 1124 156 1155 tum
178 1119 311 1162 praeter
328 1120 475 1147 morem
501 1110 705 1162 inquietari
728 1110 1057 1156 animadvertens,
1075 1120 1199 1157 neque
1214 1106 1363 1144 fatente

71 1177 165 1221 illo,
180 1184 261 1210 rem
278 1170 459 1220 grandem
479 1175 513 1208 δε
539 1187 715 1207 arcanam
741 1174 871 1216 agitari
898 1174 1092 1213 divinata,
1111 1166 1360 1217 scalpellum,

74 1248 150 1285 quo
179 1232 382 1284 praecidere
416 1244 560 1281 ungues
601 1229 772 1275 solebat,
804 1227 881 1266 alto
918 1227 1073 1265 vulnere
1108 1228 1284 1267 demerfit
1320 1230 1363 1268 in

72 1297 207 1337 femur.
233 1306 449 1345 magnoque
474 1293 565 1332 inde
591 1291 750 1339 dolore,
776 1292 811 1330 ἃ
835 1299 991 1340 propter
1014 1289 1186 1328 amiffum
1215 1291 1366 1341 sangui-

74 1372 166 1399 nem
192 1356 389 1398 debilitate
414 1355 571 1403 affecta,
592 1354 746 1392 anxium
773 1353 896 1390 virum
927 1351 975 1389 fic
1001 1350 1115 1390 affata
1142 1352 1304 1391 dicitur:

130 1421 212 1462 LII.
235 1423 337 1472 Ego,
352 1419 397 1456 mi
413 1419 488 1464 vir,
504 1418 541 1454 irz
556 1417 822 1455 communionem
842 1415 1014 1468 utriufiJue
1026 1415 1133 1466 sortis
1156 1414 1297 1465 nupfiffi
1318 1415 1364 1450 ti-

75 1485 131 1532 bi,
143 1484 232 1537 scio.
260 1484 314 1521 Tu
328 1495 430 1526 vero,
445 1494 519 1518 cum
543 1479 694 1517 animum
717 1492 825 1515 meum
842 1477 1027 1528 probares,
1047 1473 1178 1524 corpori
1199 1473 1334 1525 diffisus
1347 1502 1362 1522 ,

74 1547 168 1597 quod
181 1546 217 1583 in
234 1543 391 1594 lzocfi'xu
407 1542 577 1592 infirmius
595 1540 771 1592 imparque
786 1537 897 1575 dolori
916 1536 1085 1582 creditur,
1101 1535 1363 1587 sollicitudines

75 1620 157 1645 tuas
179 1607 366 1659 occuluisti.
407 1606 531 1655 Neque
553 1616 612 1654 ego
636 1602 808 1639 credebam
832 1599 917 1638 mihi
936 1628 946 1645 ‚
967 1599 1073 1635 donec
1091 1598 1361 1648 experimentum

69 1670 233 1723 facerem.
250 1669 341 1705 Ecce
356 1679 468 1704 autern
480 1663 611 1717 poſjum
625 1692 635 1709 ‚
656 1663 749 1714 quod
764 1660 863 1699 volui
873 1690 884 1708 ‚
898 1661 932 1699 δ’
943 1658 1052 1712 facile
1066 1660 1252 1696 cruciatum
1268 1657 1361 1710 fero.

81 1731 242 1783 Quodsi
263 1730 338 1783 pofl
368 1729 431 1766 hoc
455 1726 650 1764 tirocinium
680 1723 887 1761 cunHaberis
918 1722 1040 1759 habere
1065 1721 1148 1758 milti
1167 1720 1293 1770 fidem,
1320 1735 1364 1759 ne

74 1794 157 1845 quis
187 1804 249 1830 aut
277 1790 422 1830 Catonis
444 1789 585 1840 filiam,
619 1798 681 1824 aut
704 1785 808 1824 Bruti
840 1784 1019 1837 conjugem
1043 1794 1162 1829 vocet,
1190 1784 1228 1820 ni
1262 1795 1363 1821 morte

75 1870 150 1892 mea
169 1855 315 1891 dedecus
333 1853 397 1890 hoc
418 1852 603 1902 abrupero!
631 1849 692 1889 Sic
710 1846 866 1888 admissa
887 1847 927 1885 in
947 1844 1089 1885 confilii
1113 1845 1332 1884 societatem
1350 1875 1363 1893 ,

77 1915 160 1967 ipsa
187 1916 268 1954 viro
297 1914 346 1952 ad
374 1913 523 1953 facinus
553 1910 759 1962 prodeunti
789 1909 931 1954 vestes,
960 1910 995 1947 &
1025 1906 1254 1946 obvolutum
1280 1905 1360 1947 illis

77 1979 289 2029 pugionem
314 1974 453 2015 attulit.
480 1974 573 2014 Haec
598 1973 739 2024 igitur,
756 1972 829 2010 five
853 1970 1028 2009 nondum
1053 1979 1254 2019 percurato
1280 1968 1362 2008 vul-

78 2053 187 2087 nere,
206 2040 278 2078 five
292 2037 390 2076 curis
409 2035 643 2087 urgentibus,
661 2033 848 2086 deliquium
867 2033 977 2077 ammi
987 2031 1085 2084 paffiz
1101 2031 1358 2070 nuntiabatur,

133 2100 234 2141 LIII.
267 2100 342 2140 Sed
372 2099 528 2145 Brutus,
559 2096 689 2135 audito
718 2094 796 2148 jam
835 2093 1036 2146 adsumtum
1072 2094 1257 2146 Caefhrem,
1286 2094 1362 2144 pri-

77 2171 174 2204 vatae
192 2161 440 2201 sollicitudini
466 2158 663 2210 publicam
684 2155 833 2196 causam
858 2154 1095 2205 anteposuit:
1128 2155 1245 2193 ceteri
1269 2167 1363 2205 quo-

80 2237 156 2275 que
179 2222 320 2263 conscii
348 2221 622 2272 respiraverunt
645 2231 666 2257 a
689 2226 806 2257 metu.
831 2216 1039 2257 Timebant
1059 2217 1162 2254 enim
1177 2246 1189 2263 ‚
1206 2228 1277 2264 ne,
1298 2217 1363 2254 de·

79 2278 162 2325 la'to
193 2286 249 2324 rei
284 2283 457 2330 indicio,
489 2281 618 2322 venire
647 2280 768 2320 Caesar
804 2281 1067 2320 cunctaretur:
1107 2291 1198 2317 nam
1234 2281 1268 2319 ἃ
1298 2291 1363 2328 apa

79 2347 223 2398 paritor
259 2345 388 2385 sellam
422 2356 574 2384 auream
613 2343 715 2381 curia
740 2343 819 2391 jam
855 2339 1066 2388 extulerat3
1094 2352 1176 2390 quae
1213 2341 1249 2379 ἂ
1281 2338 1360 2388 ipsa

129 2464 152 2508 §
177 2464 215 2496 L.
238 2464 319 2496 Dio.
340 2464 429 2497 Plut.
452 2464 488 2495 in
516 2461 599 2494 Caes.
629 2461 772 2504 Appian.
799 2459 923 2502 Vellei.
964 2461 984 2502 §
1016 2458 1070 2490 LI.
1098 2457 1187 2492 Plut.
1208 2459 1245 2491 in
1267 2457 1363 2491 Brut.

84 2508 166 2541 Dio.
186 2509 264 2540 val.
282 2508 375 2541 Max.
403 2519 418 2550 3
434 2534 442 2548 ,
468 2519 500 2538 2.
524 2507 545 2549 ξ
568 2507 640 2540 LlI.
664 2507 813 2550 Polyaen.
838 2505 939 2538 Strat.
964 2505 987 2536 1.
1010 2504 1040 2536 8.
1059 2502 1150 2535 Plut.

152 2556 321 2627 nsaw.
347 2559 440 2601 Vol.
467 2556 558 2602 XI.
1093 2549 1139 2592 G
