<?xml version="1.0" encoding="UTF-8"?>
<!DOCTYPE html PUBLIC "-//W3C//DTD XHTML 1.0 Transitional//EN"
    "http://www.w3.org/TR/xhtml1/DTD/xhtml1-transitional.dtd">
<html xmlns="http://www.w3.org/1999/xhtml" xml:lang="en" lang="en">
 <head>
  <title>
</title>
<meta http-equiv="Content-Type" content="text/html;charset=utf-8" />
  <meta name='ocr-system' content='tesseract 3.04.00' />
  <meta name='ocr-capabilities' content='ocr_page ocr_carea ocr_par ocr_line ocrx_word'/>
</head>
<body>
  <div class='ocr_page' id='page_1' title='image "./historiarumlibri11livyuoft_0295.png"; bbox 0 0 1685 3042; ppageno 0'>
   <div class='ocr_carea' id='block_1_1' title="bbox 247 195 1373 263">
    <p class='ocr_par' dir='ltr' id='par_1_1' title="bbox 247 195 1373 263">
     <span class='ocr_line' id='line_1_1' title="bbox 247 195 1373 263; baseline 0.006 -21"><span class='ocrx_word' id='word_1_1' title='bbox 247 196 322 242; x_wconf 79' lang='lat' dir='ltr'>IN</span> <span class='ocrx_word' id='word_1_2' title='bbox 367 195 542 243; x_wconf 90' lang='lat' dir='ltr'><strong>LOC.</strong></span> <span class='ocrx_word' id='word_1_3' title='bbox 579 197 966 245; x_wconf 85' lang='lat' dir='ltr'><strong>LIB.-CXXIV</strong></span> <span class='ocrx_word' id='word_1_4' title='bbox 1013 202 1160 249; x_wconf 87' lang='lat' dir='ltr'>LIV.</span> <span class='ocrx_word' id='word_1_5' title='bbox 1284 199 1373 263; x_wconf 73' lang='lat'>285</span> 
     </span>
    </p>
   </div>
   <div class='ocr_carea' id='block_1_2' title="bbox 71 301 1374 2404">
    <p class='ocr_par' dir='ltr' id='par_1_2' title="bbox 91 301 1374 418">
     <span class='ocr_line' id='line_1_2' title="bbox 95 301 1374 358; baseline 0.005 -17"><span class='ocrx_word' id='word_1_6' title='bbox 95 301 152 341; x_wconf 66' lang='lat' dir='ltr'>lta</span> <span class='ocrx_word' id='word_1_7' title='bbox 171 302 311 342; x_wconf 71' lang='lat' dir='ltr'>Cassius</span> <span class='ocrx_word' id='word_1_8' title='bbox 327 335 338 352; x_wconf 87' lang='lat'>,</span> <span class='ocrx_word' id='word_1_9' title='bbox 360 304 423 343; x_wconf 86' lang='lat' dir='ltr'>vix</span> <span class='ocrx_word' id='word_1_10' title='bbox 451 303 625 353; x_wconf 79' lang='lat' dir='ltr'>praetoria</span> <span class='ocrx_word' id='word_1_11' title='bbox 651 301 809 341; x_wconf 88' lang='lat' dir='ltr'>cohorte</span> <span class='ocrx_word' id='word_1_12' title='bbox 830 311 996 354; x_wconf 73' lang='lat' dir='ltr'>retenta,</span> <span class='ocrx_word' id='word_1_13' title='bbox 1015 305 1054 345; x_wconf 92' lang='lat' dir='ltr'>se</span> <span class='ocrx_word' id='word_1_14' title='bbox 1072 307 1216 358; x_wconf 87' lang='lat' dir='ltr'>recepit</span> <span class='ocrx_word' id='word_1_15' title='bbox 1237 308 1277 347; x_wconf 90' lang='lat' dir='ltr'>in</span> <span class='ocrx_word' id='word_1_16' title='bbox 1295 307 1374 347; x_wconf 89' lang='lat' dir='ltr'>col-</span> 
     </span>
     <span class='ocr_line' id='line_1_3' title="bbox 91 361 1333 418; baseline 0.007 -18"><span class='ocrx_word' id='word_1_17' title='bbox 91 361 168 401; x_wconf 86' lang='lat' dir='ltr'>lem</span> <span class='ocrx_word' id='word_1_18' title='bbox 187 363 450 414; x_wconf 57' lang='lat' dir='ltr'>Philipporum</span> <span class='ocrx_word' id='word_1_19' title='bbox 464 363 596 412; x_wconf 74' lang='lat' dir='ltr'>,unde</span> <span class='ocrx_word' id='word_1_20' title='bbox 615 363 833 413; x_wconf 62' lang='lat' dir='ltr'>prospectus</span> <span class='ocrx_word' id='word_1_21' title='bbox 848 364 887 403; x_wconf 89' lang='lat' dir='ltr'>in</span> <span class='ocrx_word' id='word_1_22' title='bbox 904 367 1149 415; x_wconf 63' lang='lat' dir='ltr'>circumjecta</span> <span class='ocrx_word' id='word_1_23' title='bbox 1167 369 1333 418; x_wconf 83' lang='lat' dir='ltr'>patebat.</span> 
     </span>
    </p>

    <p class='ocr_par' dir='ltr' id='par_1_3' title="bbox 78 423 1374 1218">
     <span class='ocr_line' id='line_1_4' title="bbox 155 423 1374 475; baseline 0.005 -11"><span class='ocrx_word' id='word_1_24' title='bbox 155 425 207 464; x_wconf 89' lang='lat' dir='ltr'>X.</span> <span class='ocrx_word' id='word_1_25' title='bbox 247 426 321 465; x_wconf 87' lang='lat' dir='ltr'>Sed</span> <span class='ocrx_word' id='word_1_26' title='bbox 355 425 580 475; x_wconf 79' lang='lat' dir='ltr'>magnitudo</span> <span class='ocrx_word' id='word_1_27' title='bbox 613 423 801 474; x_wconf 87' lang='lat' dir='ltr'>pulveris,</span> <span class='ocrx_word' id='word_1_28' title='bbox 835 428 873 465; x_wconf 85' lang='lat'>&amp;</span> <span class='ocrx_word' id='word_1_29' title='bbox 901 440 981 466; x_wconf 81' lang='lat' dir='ltr'>nox</span> <span class='ocrx_word' id='word_1_30' title='bbox 1014 429 1092 475; x_wconf 89' lang='lat' dir='ltr'>jam</span> <span class='ocrx_word' id='word_1_31' title='bbox 1118 430 1245 469; x_wconf 86' lang='lat' dir='ltr'>vicina</span> <span class='ocrx_word' id='word_1_32' title='bbox 1274 431 1374 471; x_wconf 85' lang='lat' dir='ltr'>nihil</span> 
     </span>
     <span class='ocr_line' id='line_1_5' title="bbox 87 487 1374 538; baseline 0.004 -13"><span class='ocrx_word' id='word_1_33' title='bbox 87 487 156 526; x_wconf 82' lang='lat' dir='ltr'>nisi</span> <span class='ocrx_word' id='word_1_34' title='bbox 187 491 298 538; x_wconf 84' lang='lat' dir='ltr'>capta</span> <span class='ocrx_word' id='word_1_35' title='bbox 319 488 366 526; x_wconf 91' lang='lat' dir='ltr'>ab</span> <span class='ocrx_word' id='word_1_36' title='bbox 396 488 564 527; x_wconf 86' lang='lat' dir='ltr'>hostibus</span> <span class='ocrx_word' id='word_1_37' title='bbox 593 487 708 527; x_wconf 85' lang='lat' dir='ltr'>castra</span> <span class='ocrx_word' id='word_1_38' title='bbox 740 488 882 527; x_wconf 87' lang='lat' dir='ltr'>finebat</span> <span class='ocrx_word' id='word_1_39' title='bbox 906 491 1035 536; x_wconf 90' lang='lat' dir='ltr'>cerni,</span> <span class='ocrx_word' id='word_1_40' title='bbox 1067 492 1101 529; x_wconf 68' lang='grc' dir='ltr'>ἃ</span> <span class='ocrx_word' id='word_1_41' title='bbox 1128 491 1374 531; x_wconf 85' lang='lat' dir='ltr'>advolantem</span> 
     </span>
     <span class='ocr_line' id='line_1_6' title="bbox 88 548 1371 600; baseline 0.004 -14"><span class='ocrx_word' id='word_1_42' title='bbox 88 548 260 598; x_wconf 87' lang='lat' dir='ltr'>equitum</span> <span class='ocrx_word' id='word_1_43' title='bbox 279 548 449 599; x_wconf 87' lang='lat' dir='ltr'>globum.</span> <span class='ocrx_word' id='word_1_44' title='bbox 479 549 598 600; x_wconf 84' lang='lat' dir='ltr'>Igitur</span> <span class='ocrx_word' id='word_1_45' title='bbox 620 561 707 588; x_wconf 90' lang='lat' dir='ltr'>cum</span> <span class='ocrx_word' id='word_1_46' title='bbox 733 550 831 589; x_wconf 87' lang='lat' dir='ltr'>nihil</span> <span class='ocrx_word' id='word_1_47' title='bbox 854 551 1006 599; x_wconf 88' lang='lat' dir='ltr'>animo,</span> <span class='ocrx_word' id='word_1_48' title='bbox 1028 560 1162 600; x_wconf 73' lang='lat' dir='ltr'>praeter</span> <span class='ocrx_word' id='word_1_49' title='bbox 1186 551 1239 591; x_wconf 88' lang='lat' dir='ltr'>sui</span> <span class='ocrx_word' id='word_1_50' title='bbox 1265 552 1371 591; x_wconf 79' lang='lat' dir='ltr'>casus</span> 
     </span>
     <span class='ocr_line' id='line_1_7' title="bbox 87 610 1372 663; baseline 0.001 -15"><span class='ocrx_word' id='word_1_51' title='bbox 87 610 318 660; x_wconf 82' lang='lat' dir='ltr'>imaginem,</span> <span class='ocrx_word' id='word_1_52' title='bbox 335 612 539 661; x_wconf 88' lang='lat' dir='ltr'>concipere</span> <span class='ocrx_word' id='word_1_53' title='bbox 559 610 700 662; x_wconf 70' lang='lat' dir='ltr'>posset,</span> <span class='ocrx_word' id='word_1_54' title='bbox 721 612 838 651; x_wconf 87' lang='lat' dir='ltr'>Bruto</span> <span class='ocrx_word' id='word_1_55' title='bbox 864 625 1016 663; x_wconf 90' lang='lat' dir='ltr'>quoque</span> <span class='ocrx_word' id='word_1_56' title='bbox 1036 612 1137 652; x_wconf 72' lang='lat' dir='ltr'>victo</span> <span class='ocrx_word' id='word_1_57' title='bbox 1155 614 1278 652; x_wconf 79' lang='lat' dir='ltr'>adeffe</span> <span class='ocrx_word' id='word_1_58' title='bbox 1300 615 1372 659; x_wconf 82' lang='lat' dir='ltr'>ho-</span> 
     </span>
     <span class='ocr_line' id='line_1_8' title="bbox 85 669 1373 725; baseline 0.005 -17"><span class='ocrx_word' id='word_1_59' title='bbox 85 669 159 709; x_wconf 87' lang='lat' dir='ltr'>stes</span> <span class='ocrx_word' id='word_1_60' title='bbox 185 679 348 720; x_wconf 89' lang='lat' dir='ltr'>putans,</span> <span class='ocrx_word' id='word_1_61' title='bbox 377 673 594 712; x_wconf 88' lang='lat' dir='ltr'>Titinnium</span> <span class='ocrx_word' id='word_1_62' title='bbox 625 681 828 712; x_wconf 79' lang='lat' dir='ltr'>evocatum</span> <span class='ocrx_word' id='word_1_63' title='bbox 861 674 960 713; x_wconf 83' lang='lat' dir='ltr'>mifit</span> <span class='ocrx_word' id='word_1_64' title='bbox 990 675 1264 725; x_wconf 79' lang='lat' dir='ltr'>cognoscendae</span> <span class='ocrx_word' id='word_1_65' title='bbox 1294 688 1373 714; x_wconf 85' lang='lat' dir='ltr'>cer-</span> 
     </span>
     <span class='ocr_line' id='line_1_9' title="bbox 86 731 1373 790; baseline 0.005 -20"><span class='ocrx_word' id='word_1_66' title='bbox 86 731 161 770; x_wconf 89' lang='lat' dir='ltr'>tius</span> <span class='ocrx_word' id='word_1_67' title='bbox 185 733 240 770; x_wconf 90' lang='lat' dir='ltr'>rei</span> <span class='ocrx_word' id='word_1_68' title='bbox 261 731 384 772; x_wconf 87' lang='lat' dir='ltr'>causa.</span> <span class='ocrx_word' id='word_1_69' title='bbox 410 732 514 771; x_wconf 89' lang='lat' dir='ltr'>hunc</span> <span class='ocrx_word' id='word_1_70' title='bbox 534 732 622 773; x_wconf 87' lang='lat' dir='ltr'>laeto</span> <span class='ocrx_word' id='word_1_71' title='bbox 639 732 809 773; x_wconf 84' lang='lat' dir='ltr'>clamore</span> <span class='ocrx_word' id='word_1_72' title='bbox 825 745 1056 786; x_wconf 80' lang='lat' dir='ltr'>exceperunt</span> <span class='ocrx_word' id='word_1_73' title='bbox 1078 738 1247 787; x_wconf 76' lang='lat' dir='ltr'><strong>equites,</strong></span> <span class='ocrx_word' id='word_1_74' title='bbox 1262 737 1373 790; x_wconf 88' lang='lat' dir='ltr'>(nam</span> 
     </span>
     <span class='ocr_line' id='line_1_10' title="bbox 85 794 1374 849; baseline 0.005 -17"><span class='ocrx_word' id='word_1_75' title='bbox 85 806 109 832; x_wconf 87' lang='lat' dir='ltr'>a</span> <span class='ocrx_word' id='word_1_76' title='bbox 137 794 252 833; x_wconf 88' lang='lat' dir='ltr'>Bruto</span> <span class='ocrx_word' id='word_1_77' title='bbox 270 794 501 844; x_wconf 86' lang='lat' dir='ltr'>veniebant)</span> <span class='ocrx_word' id='word_1_78' title='bbox 525 795 849 847; x_wconf 71' lang='lat' dir='ltr'>circumvectique</span> <span class='ocrx_word' id='word_1_79' title='bbox 875 799 909 837; x_wconf 72' lang='grc' dir='ltr'>δε</span> <span class='ocrx_word' id='word_1_80' title='bbox 932 798 1125 849; x_wconf 86' lang='lat' dir='ltr'>complexi</span> <span class='ocrx_word' id='word_1_81' title='bbox 1146 794 1374 846; x_wconf 74' lang='lat' dir='ltr'>hominem,</span> 
     </span>
     <span class='ocr_line' id='line_1_11' title="bbox 80 856 1368 912; baseline 0.004 -17"><span class='ocrx_word' id='word_1_82' title='bbox 80 857 339 908; x_wconf 79' lang='lat' dir='ltr'>perniciabilis</span> <span class='ocrx_word' id='word_1_83' title='bbox 368 859 503 897; x_wconf 90' lang='lat' dir='ltr'>erroris</span> <span class='ocrx_word' id='word_1_84' title='bbox 536 856 772 897; x_wconf 83' lang='lat' dir='ltr'>occaslonem</span> <span class='ocrx_word' id='word_1_85' title='bbox 808 858 929 898; x_wconf 83' lang='lat' dir='ltr'>Caffio</span> <span class='ocrx_word' id='word_1_86' title='bbox 959 860 1211 910; x_wconf 71' lang='lat' dir='ltr'>praebuerunt.</span> <span class='ocrx_word' id='word_1_87' title='bbox 1241 862 1368 912; x_wconf 88' lang='lat' dir='ltr'>Atque</span> 
     </span>
     <span class='ocr_line' id='line_1_12' title="bbox 83 919 1369 974; baseline 0.002 -16"><span class='ocrx_word' id='word_1_88' title='bbox 83 919 172 969; x_wconf 77' lang='lat' dir='ltr'>ille,</span> <span class='ocrx_word' id='word_1_89' title='bbox 201 927 278 974; x_wconf 62' lang='lat' dir='ltr'>ergo</span> <span class='ocrx_word' id='word_1_90' title='bbox 298 951 309 969; x_wconf 85' lang='lat'>,</span> <span class='ocrx_word' id='word_1_91' title='bbox 334 921 460 971; x_wconf 84' lang='lat' dir='ltr'>inquit</span> <span class='ocrx_word' id='word_1_92' title='bbox 475 952 486 969; x_wconf 87' lang='lat'><strong>‚</strong></span> <span class='ocrx_word' id='word_1_93' title='bbox 506 923 729 974; x_wconf 83' lang='lat' dir='ltr'>producenda</span> <span class='ocrx_word' id='word_1_94' title='bbox 760 922 921 960; x_wconf 62' lang='lat' dir='ltr'>haffenus</span> <span class='ocrx_word' id='word_1_95' title='bbox 943 923 1020 961; x_wconf 76' lang='lat' dir='ltr'>vita</span> <span class='ocrx_word' id='word_1_96' title='bbox 1040 923 1135 974; x_wconf 84' lang='lat' dir='ltr'>fuit,</span> <span class='ocrx_word' id='word_1_97' title='bbox 1159 936 1198 961; x_wconf 83' lang='lat' dir='ltr'>ut</span> <span class='ocrx_word' id='word_1_98' title='bbox 1222 925 1369 963; x_wconf 80' lang='lat' dir='ltr'>amicum</span> 
     </span>
     <span class='ocr_line' id='line_1_13' title="bbox 79 980 1367 1034; baseline 0.004 -15"><span class='ocrx_word' id='word_1_99' title='bbox 79 981 183 1020; x_wconf 84' lang='lat' dir='ltr'>etiam</span> <span class='ocrx_word' id='word_1_100' title='bbox 212 992 350 1032; x_wconf 78' lang='lat' dir='ltr'>captum</span> <span class='ocrx_word' id='word_1_101' title='bbox 373 982 590 1020; x_wconf 76' lang='lat' dir='ltr'>videremus!</span> <span class='ocrx_word' id='word_1_102' title='bbox 624 980 844 1032; x_wconf 66' lang='lat' dir='ltr'>secessuque</span> <span class='ocrx_word' id='word_1_103' title='bbox 870 982 909 1021; x_wconf 92' lang='lat' dir='ltr'>in</span> <span class='ocrx_word' id='word_1_104' title='bbox 936 985 1144 1022; x_wconf 88' lang='lat' dir='ltr'>tentorium</span> <span class='ocrx_word' id='word_1_105' title='bbox 1169 984 1367 1034; x_wconf 85' lang='lat' dir='ltr'>quoddam</span> 
     </span>
     <span class='ocr_line' id='line_1_14' title="bbox 78 1041 1371 1096; baseline 0.002 -14"><span class='ocrx_word' id='word_1_106' title='bbox 78 1054 246 1082; x_wconf 86' lang='lat' dir='ltr'>vacuum</span> <span class='ocrx_word' id='word_1_107' title='bbox 274 1055 360 1081; x_wconf 89' lang='lat' dir='ltr'>cum</span> <span class='ocrx_word' id='word_1_108' title='bbox 392 1041 527 1082; x_wconf 89' lang='lat' dir='ltr'>liberto</span> <span class='ocrx_word' id='word_1_109' title='bbox 556 1043 884 1094; x_wconf 86' lang='lat' dir='ltr'>Pindaro,·quem</span> <span class='ocrx_word' id='word_1_110' title='bbox 907 1046 985 1093; x_wconf 83' lang='lat' dir='ltr'>jam</span> <span class='ocrx_word' id='word_1_111' title='bbox 1012 1044 1194 1085; x_wconf 82' lang='lat' dir='ltr'>Parthicis</span> <span class='ocrx_word' id='word_1_112' title='bbox 1219 1054 1371 1096; x_wconf 84' lang='lat' dir='ltr'>tempo-</span> 
     </span>
     <span class='ocr_line' id='line_1_15' title="bbox 78 1103 1369 1156; baseline 0 -12"><span class='ocrx_word' id='word_1_113' title='bbox 78 1105 182 1145; x_wconf 82' lang='lat' dir='ltr'><strong>ribus</strong></span> <span class='ocrx_word' id='word_1_114' title='bbox 209 1103 383 1145; x_wconf 84' lang='lat' dir='ltr'>extremae</span> <span class='ocrx_word' id='word_1_115' title='bbox 408 1105 618 1145; x_wconf 74' lang='lat' dir='ltr'>necessitati</span> <span class='ocrx_word' id='word_1_116' title='bbox 652 1106 865 1146; x_wconf 86' lang='lat' dir='ltr'>ministrum</span> <span class='ocrx_word' id='word_1_117' title='bbox 904 1107 1182 1156; x_wconf 80' lang='lat' dir='ltr'>destinaverat,</span> <span class='ocrx_word' id='word_1_118' title='bbox 1209 1107 1369 1147; x_wconf 80' lang='lat' dir='ltr'>obvolu-</span> 
     </span>
     <span class='ocr_line' id='line_1_16' title="bbox 81 1166 1110 1218; baseline 0.001 -11"><span class='ocrx_word' id='word_1_119' title='bbox 81 1176 247 1218; x_wconf 84' lang='lat' dir='ltr'>tumque</span> <span class='ocrx_word' id='word_1_120' title='bbox 279 1166 430 1207; x_wconf 85' lang='lat' dir='ltr'>lacerna</span> <span class='ocrx_word' id='word_1_121' title='bbox 466 1175 581 1218; x_wconf 89' lang='lat' dir='ltr'>caput</span> <span class='ocrx_word' id='word_1_122' title='bbox 613 1169 901 1218; x_wconf 66' lang='lat' dir='ltr'>praecidendum</span> <span class='ocrx_word' id='word_1_123' title='bbox 936 1168 1110 1218; x_wconf 83' lang='lat' dir='ltr'>praebuit.</span> 
     </span>
    </p>

    <p class='ocr_par' dir='ltr' id='par_1_4' title="bbox 71 1229 1371 2404">
     <span class='ocr_line' id='line_1_17' title="bbox 150 1229 1367 1281; baseline 0 -11"><span class='ocrx_word' id='word_1_124' title='bbox 150 1230 221 1270; x_wconf 77' lang='lat' dir='ltr'>XI.</span> <span class='ocrx_word' id='word_1_125' title='bbox 253 1229 435 1270; x_wconf 81' lang='lat' dir='ltr'><strong>Pindarus</strong></span> <span class='ocrx_word' id='word_1_126' title='bbox 465 1230 593 1281; x_wconf 86' lang='lat' dir='ltr'>postea</span> <span class='ocrx_word' id='word_1_127' title='bbox 615 1232 835 1281; x_wconf 83' lang='lat' dir='ltr'>comparuit</span> <span class='ocrx_word' id='word_1_128' title='bbox 856 1229 1068 1280; x_wconf 79' lang='lat' dir='ltr'>nusquam:</span> <span class='ocrx_word' id='word_1_129' title='bbox 1098 1231 1202 1268; x_wconf 86' lang='lat' dir='ltr'>unde</span> <span class='ocrx_word' id='word_1_130' title='bbox 1238 1230 1367 1271; x_wconf 83' lang='lat' dir='ltr'>multis</span> 
     </span>
     <span class='ocr_line' id='line_1_18' title="bbox 77 1291 1371 1344; baseline -0.002 -13"><span class='ocrx_word' id='word_1_131' title='bbox 77 1291 240 1344; x_wconf 86' lang='lat' dir='ltr'>suspicio</span> <span class='ocrx_word' id='word_1_132' title='bbox 265 1292 417 1333; x_wconf 82' lang='lat' dir='ltr'>suborta</span> <span class='ocrx_word' id='word_1_133' title='bbox 445 1293 520 1341; x_wconf 89' lang='lat' dir='ltr'>est,</span> <span class='ocrx_word' id='word_1_134' title='bbox 542 1306 661 1340; x_wconf 77' lang='lat' dir='ltr'>vana,</span> <span class='ocrx_word' id='word_1_135' title='bbox 680 1302 724 1332; x_wconf 93' lang='lat' dir='ltr'>ut</span> <span class='ocrx_word' id='word_1_136' title='bbox 747 1301 842 1343; x_wconf 91' lang='lat' dir='ltr'>puto</span> <span class='ocrx_word' id='word_1_137' title='bbox 857 1324 868 1342; x_wconf 89' lang='lat'>‚</span> <span class='ocrx_word' id='word_1_138' title='bbox 890 1295 924 1332; x_wconf 71' lang='grc' dir='ltr'>δε</span> <span class='ocrx_word' id='word_1_139' title='bbox 948 1291 1096 1339; x_wconf 83' lang='lat' dir='ltr'>futilis,</span> <span class='ocrx_word' id='word_1_140' title='bbox 1119 1293 1259 1341; x_wconf 70' lang='lat' dir='ltr'>injussu</span> <span class='ocrx_word' id='word_1_141' title='bbox 1283 1293 1371 1333; x_wconf 86' lang='lat' dir='ltr'>Cas.</span> 
     </span>
     <span class='ocr_line' id='line_1_19' title="bbox 76 1348 1365 1406; baseline 0 -11"><span class='ocrx_word' id='word_1_142' title='bbox 76 1355 119 1395; x_wconf 80' lang='lat' dir='ltr'>fii</span> <span class='ocrx_word' id='word_1_143' title='bbox 138 1364 325 1406; x_wconf 84' lang='lat' dir='ltr'>patratam</span> <span class='ocrx_word' id='word_1_144' title='bbox 353 1356 498 1394; x_wconf 84' lang='lat' dir='ltr'>caedem</span> <span class='ocrx_word' id='word_1_145' title='bbox 525 1355 609 1394; x_wconf 81' lang='lat' dir='ltr'>effe.</span> <span class='ocrx_word' id='word_1_146' title='bbox 637 1348 932 1394; x_wconf 81' lang='lat' dir='ltr'>Vix&#39;deciderat</span> <span class='ocrx_word' id='word_1_147' title='bbox 960 1354 1084 1394; x_wconf 81' lang='lat' dir='ltr'>Caffio</span> <span class='ocrx_word' id='word_1_148' title='bbox 1111 1365 1252 1404; x_wconf 87' lang='lat' dir='ltr'>caput,</span> <span class='ocrx_word' id='word_1_149' title='bbox 1276 1368 1365 1395; x_wconf 85' lang='lat' dir='ltr'>cum</span> 
     </span>
     <span class='ocr_line' id='line_1_20' title="bbox 78 1414 1370 1466; baseline -0.002 -9"><span class='ocrx_word' id='word_1_150' title='bbox 78 1414 275 1458; x_wconf 76' lang='lat' dir='ltr'>Titinnius</span> <span class='ocrx_word' id='word_1_151' title='bbox 300 1414 412 1455; x_wconf 86' lang='lat' dir='ltr'>affuit</span> <span class='ocrx_word' id='word_1_152' title='bbox 438 1424 641 1455; x_wconf 84' lang='lat' dir='ltr'>coronatus</span> <span class='ocrx_word' id='word_1_153' title='bbox 668 1417 703 1456; x_wconf 84' lang='lat'>&amp;</span> <span class='ocrx_word' id='word_1_154' title='bbox 726 1415 881 1454; x_wconf 87' lang='lat' dir='ltr'>nuntius</span> <span class='ocrx_word' id='word_1_155' title='bbox 908 1415 1074 1454; x_wconf 65' lang='lat' dir='ltr'>victoriae</span> <span class='ocrx_word' id='word_1_156' title='bbox 1094 1445 1105 1463; x_wconf 80' lang='lat'>,</span> <span class='ocrx_word' id='word_1_157' title='bbox 1125 1415 1190 1455; x_wconf 85' lang='lat' dir='ltr'>sed</span> <span class='ocrx_word' id='word_1_158' title='bbox 1212 1415 1370 1466; x_wconf 86' lang='lat' dir='ltr'>conspe-</span> 
     </span>
     <span class='ocr_line' id='line_1_21' title="bbox 78 1477 1366 1533; baseline -0.001 -14"><span class='ocrx_word' id='word_1_159' title='bbox 78 1477 140 1519; x_wconf 66' lang='grc' dir='ltr'>ἆυ</span> <span class='ocrx_word' id='word_1_160' title='bbox 177 1479 361 1533; x_wconf 84' lang='lat' dir='ltr'>cadayere</span> <span class='ocrx_word' id='word_1_161' title='bbox 389 1478 627 1529; x_wconf 85' lang='lat' dir='ltr'>imperatoris</span> <span class='ocrx_word' id='word_1_162' title='bbox 643 1509 653 1526; x_wconf 94' lang='lat'>‚</span> <span class='ocrx_word' id='word_1_163' title='bbox 670 1478 825 1531; x_wconf 81' lang='lat' dir='ltr'>sequar,</span> <span class='ocrx_word' id='word_1_164' title='bbox 856 1479 1007 1527; x_wconf 86' lang='lat' dir='ltr'>inquit,</span> <span class='ocrx_word' id='word_1_165' title='bbox 1039 1492 1111 1516; x_wconf 75' lang='lat' dir='ltr'>eum</span> <span class='ocrx_word' id='word_1_166' title='bbox 1128 1509 1140 1525; x_wconf 88' lang='lat'>,</span> <span class='ocrx_word' id='word_1_167' title='bbox 1171 1493 1266 1530; x_wconf 70' lang='lat' dir='ltr'>quem</span> <span class='ocrx_word' id='word_1_168' title='bbox 1291 1493 1366 1518; x_wconf 86' lang='lat' dir='ltr'>mea</span> 
     </span>
     <span class='ocr_line' id='line_1_22' title="bbox 76 1539 1364 1595; baseline 0 -15"><span class='ocrx_word' id='word_1_169' title='bbox 76 1542 204 1580; x_wconf 80' lang='lat' dir='ltr'>occidit</span> <span class='ocrx_word' id='word_1_170' title='bbox 236 1542 400 1580; x_wconf 69' lang='lat' dir='ltr'>tarditas.</span> <span class='ocrx_word' id='word_1_171' title='bbox 444 1549 567 1595; x_wconf 16' lang='lat' dir='ltr'>atque!</span> <span class='ocrx_word' id='word_1_172' title='bbox 591 1541 644 1578; x_wconf 82' lang='lat' dir='ltr'>ita</span> <span class='ocrx_word' id='word_1_173' title='bbox 681 1540 808 1580; x_wconf 59' lang='lat' dir='ltr'>stricto</span> <span class='ocrx_word' id='word_1_174' title='bbox 844 1539 971 1590; x_wconf 84' lang='lat' dir='ltr'>gladio</span> <span class='ocrx_word' id='word_1_175' title='bbox 1009 1540 1198 1580; x_wconf 80' lang='lat' dir='ltr'>incubuit.</span> <span class='ocrx_word' id='word_1_176' title='bbox 1242 1541 1364 1580; x_wconf 80' lang='lat' dir='ltr'>Caffio</span> 
     </span>
     <span class='ocr_line' id='line_1_23' title="bbox 76 1599 1363 1652; baseline -0.005 -9"><span class='ocrx_word' id='word_1_177' title='bbox 76 1603 126 1643; x_wconf 81' lang='lat' dir='ltr'>ad</span> <span class='ocrx_word' id='word_1_178' title='bbox 158 1602 263 1642; x_wconf 83' lang='lat' dir='ltr'>hunc</span> <span class='ocrx_word' id='word_1_179' title='bbox 295 1603 457 1641; x_wconf 88' lang='lat' dir='ltr'>modum</span> <span class='ocrx_word' id='word_1_180' title='bbox 491 1601 743 1641; x_wconf 82' lang='lat' dir='ltr'>emortualem</span> <span class='ocrx_word' id='word_1_181' title='bbox 777 1602 916 1651; x_wconf 91' lang='lat' dir='ltr'>adepto</span> <span class='ocrx_word' id='word_1_182' title='bbox 954 1601 1057 1640; x_wconf 89' lang='lat' dir='ltr'>diem</span> <span class='ocrx_word' id='word_1_183' title='bbox 1079 1632 1090 1649; x_wconf 87' lang='lat'>,</span> <span class='ocrx_word' id='word_1_184' title='bbox 1118 1614 1234 1652; x_wconf 90' lang='lat' dir='ltr'>quem</span> <span class='ocrx_word' id='word_1_185' title='bbox 1259 1599 1363 1644; x_wconf 76' lang='lat' dir='ltr'>nata-</span> 
     </span>
     <span class='ocr_line' id='line_1_24' title="bbox 75 1654 1365 1715; baseline -0.003 -11"><span class='ocrx_word' id='word_1_186' title='bbox 75 1664 152 1704; x_wconf 83' lang='lat' dir='ltr'>lem</span> <span class='ocrx_word' id='word_1_187' title='bbox 180 1664 388 1712; x_wconf 83' lang='lat' dir='ltr'>habuerat,</span> <span class='ocrx_word' id='word_1_188' title='bbox 415 1654 561 1704; x_wconf 77' lang='lat' dir='ltr'>Brutus¹</span> <span class='ocrx_word' id='word_1_189' title='bbox 580 1664 820 1715; x_wconf 85' lang='lat' dir='ltr'>supervenit;</span> <span class='ocrx_word' id='word_1_190' title='bbox 847 1662 1045 1714; x_wconf 90' lang='lat' dir='ltr'>multoque</span> <span class='ocrx_word' id='word_1_191' title='bbox 1065 1676 1153 1703; x_wconf 88' lang='lat' dir='ltr'>cum</span> <span class='ocrx_word' id='word_1_192' title='bbox 1177 1665 1269 1704; x_wconf 84' lang='lat' dir='ltr'>fletu</span> <span class='ocrx_word' id='word_1_193' title='bbox 1292 1667 1365 1704; x_wconf 84' lang='lat' dir='ltr'>Ro.</span> 
     </span>
     <span class='ocr_line' id='line_1_25' title="bbox 75 1718 1364 1778; baseline 0.001 -12"><span class='ocrx_word' id='word_1_194' title='bbox 75 1739 253 1766; x_wconf 76' lang='lat' dir='ltr'>manorum</span> <span class='ocrx_word' id='word_1_195' title='bbox 283 1727 438 1766; x_wconf 67' lang='lat' dir='ltr'>ultimum</span> <span class='ocrx_word' id='word_1_196' title='bbox 472 1718 696 1778; x_wconf 84' lang='lat' dir='ltr'>appellans,</span> <span class='ocrx_word' id='word_1_197' title='bbox 723 1727 884 1766; x_wconf 76' lang='lat' dir='ltr'>tradidit</span> <span class='ocrx_word' id='word_1_198' title='bbox 909 1729 1071 1776; x_wconf 86' lang='lat' dir='ltr'>amicis,</span> <span class='ocrx_word' id='word_1_199' title='bbox 1098 1727 1198 1767; x_wconf 86' lang='lat' dir='ltr'>clam</span> <span class='ocrx_word' id='word_1_200' title='bbox 1233 1728 1364 1768; x_wconf 81' lang='lat' dir='ltr'>militi.</span> 
     </span>
     <span class='ocr_line' id='line_1_26' title="bbox 75 1780 1364 1842; baseline 0.001 -12"><span class='ocrx_word' id='word_1_201' title='bbox 75 1791 147 1830; x_wconf 86' lang='lat' dir='ltr'>bus</span> <span class='ocrx_word' id='word_1_202' title='bbox 174 1789 286 1830; x_wconf 82' lang='lat' dir='ltr'>Thali</span> <span class='ocrx_word' id='word_1_203' title='bbox 310 1789 595 1839; x_wconf 85' lang='lat' dir='ltr'>sepeliendum,</span> <span class='ocrx_word' id='word_1_204' title='bbox 619 1780 667 1828; x_wconf 52' lang='lat' dir='ltr'>nse</span> <span class='ocrx_word' id='word_1_205' title='bbox 691 1788 795 1827; x_wconf 66' lang='lat' dir='ltr'>lustu</span> <span class='ocrx_word' id='word_1_206' title='bbox 818 1787 1082 1828; x_wconf 87' lang='lat' dir='ltr'>mollescerent</span> <span class='ocrx_word' id='word_1_207' title='bbox 1108 1789 1235 1829; x_wconf 82' lang='lat' dir='ltr'>animi.</span> <span class='ocrx_word' id='word_1_208' title='bbox 1265 1791 1364 1842; x_wconf 74' lang='lat' dir='ltr'>Mox</span> 
     </span>
     <span class='ocr_line' id='line_1_27' title="bbox 73 1849 1363 1902; baseline 0.002 -13"><span class='ocrx_word' id='word_1_209' title='bbox 73 1851 251 1902; x_wconf 81' lang='lat' dir='ltr'>reliquias</span> <span class='ocrx_word' id='word_1_210' title='bbox 274 1849 462 1890; x_wconf 77' lang='lat' dir='ltr'>exercitus</span> <span class='ocrx_word' id='word_1_211' title='bbox 492 1850 654 1890; x_wconf 81' lang='lat' dir='ltr'>Caffiani</span> <span class='ocrx_word' id='word_1_212' title='bbox 686 1849 867 1900; x_wconf 82' lang='lat' dir='ltr'>collegit,</span> <span class='ocrx_word' id='word_1_213' title='bbox 895 1852 1144 1901; x_wconf 84' lang='lat' dir='ltr'>pronuntiato</span> <span class='ocrx_word' id='word_1_214' title='bbox 1171 1853 1211 1890; x_wconf 85' lang='lat' dir='ltr'>in</span> <span class='ocrx_word' id='word_1_215' title='bbox 1234 1853 1363 1902; x_wconf 81' lang='lat' dir='ltr'>capita</span> 
     </span>
     <span class='ocr_line' id='line_1_28' title="bbox 77 1912 1364 1967; baseline 0.002 -14"><span class='ocrx_word' id='word_1_216' title='bbox 77 1916 166 1953; x_wconf 58' lang='lat' dir='ltr'>octo</span> <span class='ocrx_word' id='word_1_217' title='bbox 199 1912 363 1953; x_wconf 78' lang='lat' dir='ltr'>millium</span> <span class='ocrx_word' id='word_1_218' title='bbox 399 1927 647 1953; x_wconf 87' lang='lat' dir='ltr'>nummorum</span> <span class='ocrx_word' id='word_1_219' title='bbox 687 1914 882 1953; x_wconf 87' lang='lat' dir='ltr'>donativo.</span> <span class='ocrx_word' id='word_1_220' title='bbox 935 1928 977 1953; x_wconf 89' lang='lat' dir='ltr'>ea</span> <span class='ocrx_word' id='word_1_221' title='bbox 1011 1928 1069 1954; x_wconf 87' lang='lat' dir='ltr'>res</span> <span class='ocrx_word' id='word_1_222' title='bbox 1105 1915 1259 1955; x_wconf 87' lang='lat' dir='ltr'>laudem</span> <span class='ocrx_word' id='word_1_223' title='bbox 1294 1917 1364 1967; x_wconf 83' lang='lat' dir='ltr'>ipss</span> 
     </span>
     <span class='ocr_line' id='line_1_29' title="bbox 73 1976 1364 2037; baseline 0.002 -21"><span class='ocrx_word' id='word_1_224' title='bbox 73 1990 257 2028; x_wconf 83' lang='lat' dir='ltr'>magnam</span> <span class='ocrx_word' id='word_1_225' title='bbox 293 1977 445 2027; x_wconf 81' lang='lat' dir='ltr'>attulit,</span> <span class='ocrx_word' id='word_1_226' title='bbox 484 1977 727 2027; x_wconf 87' lang='lat' dir='ltr'>celebresque</span> <span class='ocrx_word' id='word_1_227' title='bbox 762 1976 929 2017; x_wconf 86' lang='lat' dir='ltr'>militum</span> <span class='ocrx_word' id='word_1_228' title='bbox 956 1978 1279 2037; x_wconf 69' lang='lat' dir='ltr'>acclamationes,</span> <span class='ocrx_word' id='word_1_229' title='bbox 1298 1982 1364 2033; x_wconf 76' lang='lat' dir='ltr'>fh-</span> 
     </span>
     <span class='ocr_line' id='line_1_30' title="bbox 75 2039 1362 2092; baseline 0.002 -15"><span class='ocrx_word' id='word_1_230' title='bbox 75 2039 146 2077; x_wconf 76' lang='lat' dir='ltr'>lum</span> <span class='ocrx_word' id='word_1_231' title='bbox 177 2040 218 2077; x_wconf 82' lang='lat' dir='ltr'>de</span> <span class='ocrx_word' id='word_1_232' title='bbox 248 2051 396 2091; x_wconf 81' lang='lat' dir='ltr'>quatuor</span> <span class='ocrx_word' id='word_1_233' title='bbox 419 2040 683 2092; x_wconf 74' lang='lat' dir='ltr'>imperatoribus</span> <span class='ocrx_word' id='word_1_234' title='bbox 707 2039 871 2076; x_wconf 68' lang='grc' dir='ltr'>ιήνὶέῖιιιη</span> <span class='ocrx_word' id='word_1_235' title='bbox 897 2040 1118 2092; x_wconf 66' lang='lat' dir='ltr'>vifloremque</span> <span class='ocrx_word' id='word_1_236' title='bbox 1151 2041 1362 2090; x_wconf 68' lang='lat' dir='ltr'>praedican-</span> 
     </span>
     <span class='ocr_line' id='line_1_31' title="bbox 74 2098 1363 2150; baseline 0.002 -11"><span class='ocrx_word' id='word_1_237' title='bbox 74 2098 184 2139; x_wconf 84' lang='lat' dir='ltr'>tium.</span> <span class='ocrx_word' id='word_1_238' title='bbox 225 2101 273 2139; x_wconf 88' lang='lat' dir='ltr'>At</span> <span class='ocrx_word' id='word_1_239' title='bbox 307 2098 471 2138; x_wconf 88' lang='lat' dir='ltr'>hostium</span> <span class='ocrx_word' id='word_1_240' title='bbox 507 2100 810 2139; x_wconf 66' lang='lat' dir='ltr'>erexit‘anir&#39;nos</span> <span class='ocrx_word' id='word_1_241' title='bbox 840 2101 1026 2145; x_wconf 85' lang='lat' dir='ltr'>Demetrii</span> <span class='ocrx_word' id='word_1_242' title='bbox 1057 2102 1255 2150; x_wconf 81' lang='lat' dir='ltr'>cujusdam</span> <span class='ocrx_word' id='word_1_243' title='bbox 1287 2103 1363 2142; x_wconf 88' lang='lat' dir='ltr'>ad-</span> 
     </span>
     <span class='ocr_line' id='line_1_32' title="bbox 72 2161 1360 2218; baseline 0.004 -18"><span class='ocrx_word' id='word_1_244' title='bbox 72 2171 209 2201; x_wconf 87' lang='lat' dir='ltr'>ventus</span> <span class='ocrx_word' id='word_1_245' title='bbox 231 2191 241 2210; x_wconf 91' lang='lat'>‚</span> <span class='ocrx_word' id='word_1_246' title='bbox 281 2164 346 2212; x_wconf 91' lang='lat' dir='ltr'>qui</span> <span class='ocrx_word' id='word_1_247' title='bbox 377 2175 465 2202; x_wconf 87' lang='lat' dir='ltr'>cum</span> <span class='ocrx_word' id='word_1_248' title='bbox 497 2162 625 2213; x_wconf 80' lang='lat' dir='ltr'>gladio</span> <span class='ocrx_word' id='word_1_249' title='bbox 664 2161 1016 2215; x_wconf 83' lang='lat' dir='ltr'>paludamentoque</span> <span class='ocrx_word' id='word_1_250' title='bbox 1051 2165 1162 2218; x_wconf 67' lang='lat' dir='ltr'>§affii</span> <span class='ocrx_word' id='word_1_251' title='bbox 1182 2197 1195 2213; x_wconf 90' lang='lat'><em>,</em></span> <span class='ocrx_word' id='word_1_252' title='bbox 1227 2179 1360 2206; x_wconf 80' lang='lat' dir='ltr'>recens</span> 
     </span>
     <span class='ocr_line' id='line_1_33' title="bbox 73 2224 1360 2278; baseline 0.005 -16"><span class='ocrx_word' id='word_1_253' title='bbox 73 2224 168 2263; x_wconf 84' lang='lat' dir='ltr'>caeso</span> <span class='ocrx_word' id='word_1_254' title='bbox 190 2225 363 2266; x_wconf 65' lang='lat' dir='ltr'>detractis</span> <span class='ocrx_word' id='word_1_255' title='bbox 376 2228 389 2275; x_wconf 53' lang='lat'>³,</span> <span class='ocrx_word' id='word_1_256' title='bbox 411 2227 671 2277; x_wconf 83' lang='lat' dir='ltr'>transfugerat.</span> <span class='ocrx_word' id='word_1_257' title='bbox 697 2226 817 2277; x_wconf 84' lang='lat' dir='ltr'>Igitur</span> <span class='ocrx_word' id='word_1_258' title='bbox 835 2230 869 2267; x_wconf 71' lang='grc' dir='ltr'>ἃ</span> <span class='ocrx_word' id='word_1_259' title='bbox 888 2227 926 2266; x_wconf 91' lang='lat' dir='ltr'>hi</span> <span class='ocrx_word' id='word_1_260' title='bbox 945 2229 1125 2278; x_wconf 88' lang='lat' dir='ltr'>postridie</span> <span class='ocrx_word' id='word_1_261' title='bbox 1139 2242 1251 2268; x_wconf 90' lang='lat' dir='ltr'>mane</span> <span class='ocrx_word' id='word_1_262' title='bbox 1267 2230 1360 2269; x_wconf 87' lang='lat' dir='ltr'>edu-</span> 
     </span>
     <span class='ocr_line' id='line_1_34' title="bbox 71 2289 1357 2337; baseline 0.002 -10"><span class='ocrx_word' id='word_1_263' title='bbox 71 2296 213 2327; x_wconf 71' lang='lat' dir='ltr'>xerunt</span> <span class='ocrx_word' id='word_1_264' title='bbox 243 2289 391 2337; x_wconf 84' lang='lat' dir='ltr'>aciem3</span> <span class='ocrx_word' id='word_1_265' title='bbox 423 2292 458 2329; x_wconf 70' lang='grc' dir='ltr'><strong><em>ἃ</em></strong></span> <span class='ocrx_word' id='word_1_266' title='bbox 488 2290 626 2329; x_wconf 87' lang='lat' dir='ltr'>Brutus</span> <span class='ocrx_word' id='word_1_267' title='bbox 656 2299 787 2330; x_wconf 88' lang='lat' dir='ltr'>contra</span> <span class='ocrx_word' id='word_1_268' title='bbox 810 2291 984 2330; x_wconf 81' lang='lat' dir='ltr'>instruxit</span> <span class='ocrx_word' id='word_1_269' title='bbox 1008 2291 1103 2330; x_wconf 84' lang='lat' dir='ltr'>suos.</span> <span class='ocrx_word' id='word_1_270' title='bbox 1135 2292 1277 2330; x_wconf 87' lang='lat' dir='ltr'>neutris</span> <span class='ocrx_word' id='word_1_271' title='bbox 1304 2291 1357 2331; x_wconf 88' lang='lat' dir='ltr'>se-</span> 
     </span>
     <span class='ocr_line' id='line_1_35' title="bbox 72 2348 1356 2404; baseline 0.005 -18"><span class='ocrx_word' id='word_1_272' title='bbox 72 2348 172 2387; x_wconf 81' lang='lat' dir='ltr'>rium</span> <span class='ocrx_word' id='word_1_273' title='bbox 206 2350 403 2401; x_wconf 86' lang='lat' dir='ltr'>pugnandi</span> <span class='ocrx_word' id='word_1_274' title='bbox 423 2351 661 2402; x_wconf 81' lang='lat' dir='ltr'>propositum</span> <span class='ocrx_word' id='word_1_275' title='bbox 685 2352 839 2402; x_wconf 81' lang='lat' dir='ltr'>aderat,</span> <span class='ocrx_word' id='word_1_276' title='bbox 863 2353 927 2392; x_wconf 90' lang='lat' dir='ltr'>sed</span> <span class='ocrx_word' id='word_1_277' title='bbox 951 2354 1064 2404; x_wconf 90' lang='lat' dir='ltr'>primi</span> <span class='ocrx_word' id='word_1_278' title='bbox 1089 2353 1212 2392; x_wconf 84' lang='lat' dir='ltr'>hostes</span> <span class='ocrx_word' id='word_1_279' title='bbox 1238 2352 1356 2393; x_wconf 80' lang='lat' dir='ltr'>reces-</span> 
     </span>
    </p>
   </div>
   <div class='ocr_carea' id='block_1_3' title="bbox 73 2465 1358 2556">
    <p class='ocr_par' dir='ltr' id='par_1_5' title="bbox 73 2465 1358 2556">
     <span class='ocr_line' id='line_1_36' title="bbox 73 2465 1358 2556; baseline -0.031 -7"><span class='ocrx_word' id='word_1_280' title='bbox 73 2465 344 2556; x_wconf 42' lang='grc' dir='ltr'>Ϋεῇεῗζὺὶῗῗῃ</span> <span class='ocrx_word' id='word_1_281' title='bbox 363 2479 405 2512; x_wconf 72' lang='lat'>4,</span> <span class='ocrx_word' id='word_1_282' title='bbox 426 2481 459 2513; x_wconf 86' lang='lat'>7·</span> <span class='ocrx_word' id='word_1_283' title='bbox 486 2469 558 2514; x_wconf 83' lang='lat' dir='ltr'>App</span> <span class='ocrx_word' id='word_1_284' title='bbox 563 2469 632 2506; x_wconf 49' lang='grc' dir='ltr'>Μ’</span> <span class='ocrx_word' id='word_1_285' title='bbox 656 2468 747 2507; x_wconf 74' lang='lat' dir='ltr'>Plut.</span> <span class='ocrx_word' id='word_1_286' title='bbox 767 2469 849 2509; x_wconf 56' lang='grc' dir='ltr'>ΠΨ*</span> <span class='ocrx_word' id='word_1_287' title='bbox 871 2470 894 2516; x_wconf 69' lang='grc'><strong>9</strong></span> <span class='ocrx_word' id='word_1_288' title='bbox 920 2470 962 2509; x_wconf 77' lang='lat' dir='ltr'>X·</span> <span class='ocrx_word' id='word_1_289' title='bbox 978 2470 1068 2509; x_wconf 59' lang='lat' dir='ltr'>flor,</span> <span class='ocrx_word' id='word_1_290' title='bbox 1094 2470 1241 2516; x_wconf 68' lang='lat' dir='ltr'>Appian.</span> <span class='ocrx_word' id='word_1_291' title='bbox 1264 2470 1358 2511; x_wconf 69' lang='lat' dir='ltr'>Plut.</span> 
     </span>
    </p>
   </div>
  </div>
 </body>
</html>
