1685 3042
263 235 351 283 130
417 219 508 265 JO.
550 217 1036 264 FREiNSHEMii
1077 217 1441 263 SUPPLEM.

256 328 436 374 dentior,
463 327 498 366 ἃ
521 323 612 374 Jiilii
637 324 774 364 mensis
808 323 1029 375 appellandi
1061 322 1302 363 confirmavit
1335 322 1538 363 consuetu-

257 392 415 438 dinem,
437 398 479 427 ut
502 388 617 427 etiam
644 387 692 427 ab
724 386 806 437 ipso
840 387 956 426 Bruto
984 387 1024 426 in
1052 387 1329 438 proscriptione
1353 386 1537 426 ludorum

254 454 409 493 suorum
430 459 655 502 poneretur3
671 449 839 501 aliosque
852 449 1006 499 insuper
1020 448 1154 497 ludos,
1175 449 1224 488 ob
1249 449 1442 498 quandam
1457 448 1537 487 Cae-

253 515 344 555 saris
368 514 565 554 victoriam
594 511 794 558 decretos,
813 510 916 549 fecit.
944 510 990 549 Et
1012 512 1185 561 profecto
1213 509 1339 549 mirari
1362 511 1538 548 animum

252 577 507 618 adolescentis
524 576 705 615 convenit
718 604 728 622 ,
750 574 817 622 qui
832 582 957 612 tantas
977 573 1166 624 impensas
1189 582 1268 613 tam
1290 573 1464 612 alacriter
1484 572 1538 610 fa-

255 647 383 688 ceret,
405 652 493 677 cum
524 638 680 678 Antonii
705 635 949 685 malignitate
979 637 1015 674 ἃ
1045 634 1194 674 senatus
1219 636 1321 674 varie
1347 645 1537 686 premere-

254 710 327 741 tur.
358 703 457 741 Nam
486 701 666 738 timentes
699 697 780 744 illi,
812 710 860 734 ne
888 697 1054 745 paternis
1089 697 1228 747 opibus
1258 697 1458 736 instructus
1486 694 1537 735 ad

252 778 386 818 parem
406 764 567 814 aspirare
590 761 806 812 potentiam
829 758 969 806 vellet,
990 760 1142 811 perquiri
1163 760 1327 811 publicas
1342 760 1538 812 pecunias,

252 842 325 882 quae
341 827 487 880 ffflffi’m
499 840 603 878 penes
622 824 797 875 Caesarem,
813 821 1009 871 jiifferunt.
1027 821 1102 861 Sed
1123 823 1160 861 ἃ
1182 822 1230 860 de
1250 823 1347 872 agris
1364 821 1538 872 frequen-

251 898 309 929 tes
330 889 579 928 movebantur
603 885 862 926 controversiae
879 914 889 932 ,
906 884 987 922 aliis
1013 883 1108 923 alios
1132 884 1393 934 repetentibus
1418 885 1539 934 priva·

252 953 349 999 tim,
375 954 410 991 δε
445 953 483 989 in
510 949 710 1001 publicum
742 961 830 997 eos,
855 949 921 999 qui
951 946 1252 999 proscriptorum
1281 957 1394 998 atque
1421 945 1538 986 exsu-

250 1012 332 1052 lum
362 1011 529 1051 fuissent.
843 1030 848 1033 »

306 1074 402 1113 XX.
432 1073 583 1112 Harum
609 1083 738 1110 rerum
766 1070 910 1119 judicia
935 1071 1036 1121 apud
1067 1065 1279 1110 Antonium
1307 1069 1453 1121 ipsum,
1473 1078 1540 1109 aut

250 1134 442 1185 collegam
479 1135 561 1183 ejus
596 1131 837 1173 Dolabellam
869 1132 1107 1182 agebantur:
1136 1132 1239 1182 quod
1266 1131 1291 1170 si
1321 1133 1383 1182 qui
1415 1134 1449 1171 &
1475 1130 1539 1170 alii

252 1199 494 1247 magistratus
518 1194 771 1245 judicabant,
790 1196 944 1234 Antonii
962 1194 1212 1246 praepollebat
1235 1195 1452 1242 aut‘ioritas,
1474 1195 1537 1244 qui

251 1275 302 1300 ne
323 1259 593 1300 translatitium
617 1259 772 1308 quidem
794 1256 1025 1296 adolescenti
1056 1260 1117 1306 jus
1144 1257 1221 1297 ulla
1248 1258 1287 1296 in
1313 1271 1352 1296 re
1372 1258 1447 1296 sine
1476 1270 1540 1308 pa.

253 1327 379 1365 &ione
410 1322 634 1374 gravissimae
655 1322 843 1361 mercedis
873 1321 1129 1371 impertiebat.
1157 1321 1264 1370 Quin
1293 1323 1328 1360 Sc
1355 1322 1395 1359 in
1418 1319 1541 1359 cohe-

250 1388 363 1426 redes
391 1388 475 1435 ejus
500 1384 636 1424 ssmiles
657 1384 943 1423 intentabantur
965 1383 1099 1430 minae,
1130 1382 1355 1433 senatusque
1387 1382 1540 1422 consul—

250 1456 337 1488 tum
363 1447 663 1498 proferentibus,
695 1460 771 1497 quo
800 1445 953 1486 Caesaris
979 1447 1062 1485 ae'ta
1085 1454 1164 1483 rata
1193 1444 1455 1493 habebantur,
1483 1457 1540 1484 re·

253 1510 410 1561 spondit
436 1508 708 1565 AntoniuSQid
720 1507 828 1560 ficiffe
850 1507 991 1559 tempori
1015 1508 1161 1553 datum,
1183 1518 1222 1543 ut
1248 1506 1381 1559 populo
1411 1508 1540 1543 tinnula

254 1572 371 1609 litanti
396 1569 614 1622 satisfieret3
647 1581 788 1607 ceterum
825 1582 931 1619 neque
956 1567 1054 1605 rebus
1072 1566 1155 1619 suis
1182 1580 1292 1604 carere
1319 1581 1450 1618 aequum
1477 1565 1540 1617 ff

257 1645 338 1678 eos,
364 1631 490 1683 quibus
517 1632 659 1669 ademtae
684 1644 747 1682 per
777 1628 946 1681 injuriam
968 1628 1093 1681 effi‘nt,
1119 1626 1154 1665 δ’
1184 1640 1325 1665 mentem
1349 1629 1467 1680 potius
1484 1630 1539 1680 se·

257 1707 388 1741 natus,
418 1709 520 1746 quam
559 1695 684 1741 verba,
707 1692 854 1745 spemn·
888 1703 1049 1744 oportere.
1084 1691 1130 1728 Se
1157 1703 1270 1729 tamen
1294 1691 1431 1729 illorum
1454 1705 1543 1743 por-

255 1760 368 1796 tiones
388 1758 575 1794 reliaurum
588 1786 598 1803 ,
641 1773 652 1793 ι
672 1755 854 1807 exegtffi’tit
875 1769 897 1792 a
917 1753 1049 1805 Caesare
1062 1783 1074 1799 ,
1098 1752 1199 1805 cujus
1216 1753 1380 1791 lubricam
1409 1765 1543 1792 aetatem

255 1820 364 1860 nollet
398 1820 516 1857 nimiis
555 1820 679 1872 opibus
714 1819 763 1855 ad
785 1817 889 1869 suum
926 1815 1183 1868 reipub-licetque
1225 1816 1416 1869 periculum
1453 1830 1541 1855 corz-
1578 1832 1583 1840 ·

255 1884 370 1923 citari.

326 1944 436 1985 XXI.
467 1942 548 1983 Post
587 1941 667 1981 haec
697 1940 812 1991 igitur
844 1939 893 1989 Q
922 1938 1060 1979 Pedius
1088 1940 1122 1978 Gt
1151 1938 1192 1979 L.
1216 1938 1384 1978 Pinarius
1416 1948 1540 1990 partes

256 2008 340 2048 suas
366 2013 590 2057 receperunt
616 2003 663 2043 ab
693 2003 933 2049 Oaaviano,
965 2014 1041 2052 quo
1075 2001 1226 2040 interim
1255 2000 1424 2051 periculo
1456 2000 1541 2040 sub-

259 2070 514 2115 ducerentur,
549 2079 641 2105 niox
681 2065 805 2103 usibus
847 2065 929 2112 ejus
963 2063 1125 2102 libenter
1159 2063 1354 2102 reddituri.
1390 2062 1539 2102 Horum

258 2133 412 2181 adjutus
429 2129 718 2174 benevolentia,
734 2128 911 2166 toleravit
936 2126 1142 2166 immensos
1169 2126 1312 2166 sumtus
1336 2126 1540 2175 ludorum,

259 2193 511 2244 omnibusque
548 2190 809 2230 occasionibus
846 2190 1028 2240 insignem
1071 2191 1188 2229 animi
1235 2190 1539 2239 magnitudinem

258 2258 434 2296 ostendit.
467 2255 565 2296 Cum
595 2255 697 2293 enim
725 2254 952 2304 pecuniam,
976 2266 1057 2303 quae
1080 2265 1126 2292 ex
1153 2253 1329 2292 auetione
1357 2251 1420 2291 sua
1444 2251 1541 2291 redi-

259 2319 446 2369 gebatur,
476 2315 621 2367 populo
663 2314 858 2362 divisisset,
885 2316 919 2354 ἃς
951 2316 1082 2354 addici
1120 2315 1336 2365 petentibus
1365 2326 1420 2353 res
1456 2312 1539 2352 suas

260 2380 422 2419 minimo
455 2377 576 2429 pretio
608 2376 786 2426 juberet,
812 2375 899 2427 quia
933 2379 968 2416 ὁὶ
997 2389 1177 2415 nummos
1206 2374 1408 2414 festinabat
1430 2372 1539 2413 colli-

311 2498 333 2540 §
363 2497 455 2530 XIX.
475 2496 541 2530 Jul.
565 2496 691 2540 Obseq.
718 2497 791 2529 Cic.
817 2497 857 2530 de
884 2505 952 2529 nat.
980 2495 1085 2528 Deor.
1110 2506 1149 2533 2.
1181 2506 1217 2535 5,
1237 2494 1270 2528 &
1291 2495 1330 2526 ad
1349 2494 1456 2527 Attic.
1485 2491 1536 2532 16,

264 2552 278 2575 1
307 2545 340 2576 δε
366 2555 400 2585 4.
422 2542 503 2576 Dio.
528 2543 675 2587 Appian.
706 2542 726 2586 §
755 2542 831 2575 XX.
856 2542 1001 2575 Sueten.
1028 2542 1063 2574 'in
1090 2540 1176 2585 Aug.
1198 2551 1227 2573 c.
1256 2550 1304 2574 io,
1327 2540 1474 2584 Appian-
