<?xml version="1.0" encoding="UTF-8"?>
<!DOCTYPE html PUBLIC "-//W3C//DTD XHTML 1.0 Transitional//EN"
    "http://www.w3.org/TR/xhtml1/DTD/xhtml1-transitional.dtd">
<html xmlns="http://www.w3.org/1999/xhtml" xml:lang="en" lang="en">
 <head>
  <title>
</title>
<meta http-equiv="Content-Type" content="text/html;charset=utf-8" />
  <meta name='ocr-system' content='tesseract 3.04.00' />
  <meta name='ocr-capabilities' content='ocr_page ocr_carea ocr_par ocr_line ocrx_word'/>
</head>
<body>
  <div class='ocr_page' id='page_1' title='image "./historiarumlibri11livyuoft_0244.png"; bbox 0 0 1685 3042; ppageno 0'>
   <div class='ocr_carea' id='block_1_1' title="bbox 283 202 1504 267">
    <p class='ocr_par' dir='ltr' id='par_1_1' title="bbox 283 202 1504 267">
     <span class='ocr_line' id='line_1_1' title="bbox 283 202 1504 267; baseline 0.001 -13"><span class='ocrx_word' id='word_1_1' title='bbox 283 202 380 267; x_wconf 83' lang='lat'>&#39;236</span> <span class='ocrx_word' id='word_1_2' title='bbox 443 204 540 252; x_wconf 86' lang='lat' dir='ltr'>JO.</span> <span class='ocrx_word' id='word_1_3' title='bbox 584 203 1096 252; x_wconf 86' lang='lat' dir='ltr'>FREINSHEMII</span> <span class='ocrx_word' id='word_1_4' title='bbox 1136 205 1504 255; x_wconf 62' lang='lat' dir='ltr'>SUPPLEM2</span> 
     </span>
    </p>
   </div>
   <div class='ocr_carea' id='block_1_2' title="bbox 257 306 1574 2341">
    <p class='ocr_par' dir='ltr' id='par_1_2' title="bbox 276 306 1574 658">
     <span class='ocr_line' id='line_1_2' title="bbox 281 306 1569 360; baseline 0.002 -13"><span class='ocrx_word' id='word_1_5' title='bbox 281 306 449 358; x_wconf 74' lang='lat' dir='ltr'>AEgypto</span> <span class='ocrx_word' id='word_1_6' title='bbox 485 306 654 358; x_wconf 83' lang='lat' dir='ltr'>legatum</span> <span class='ocrx_word' id='word_1_7' title='bbox 688 308 912 348; x_wconf 83' lang='lat' dir='ltr'>Dolabellae</span> <span class='ocrx_word' id='word_1_8' title='bbox 946 310 990 349; x_wconf 84' lang='lat' dir='ltr'>A.</span> <span class='ocrx_word' id='word_1_9' title='bbox 1024 308 1220 349; x_wconf 80' lang='lat' dir='ltr'>Allienum</span> <span class='ocrx_word' id='word_1_10' title='bbox 1261 318 1484 360; x_wconf 83' lang='lat' dir='ltr'>occuparet.</span> <span class='ocrx_word' id='word_1_11' title='bbox 1530 309 1569 349; x_wconf 76' lang='lat' dir='ltr'>Is</span> 
     </span>
     <span class='ocr_line' id='line_1_3' title="bbox 280 370 1569 423; baseline 0.001 -13"><span class='ocrx_word' id='word_1_12' title='bbox 280 370 512 410; x_wconf 84' lang='lat' dir='ltr'>Alexandria</span> <span class='ocrx_word' id='word_1_13' title='bbox 547 371 743 423; x_wconf 86' lang='lat' dir='ltr'>legionum</span> <span class='ocrx_word' id='word_1_14' title='bbox 777 382 939 423; x_wconf 88' lang='lat' dir='ltr'>quatuor</span> <span class='ocrx_word' id='word_1_15' title='bbox 975 372 1088 411; x_wconf 85' lang='lat' dir='ltr'>instar</span> <span class='ocrx_word' id='word_1_16' title='bbox 1118 372 1356 420; x_wconf 79' lang='lat' dir='ltr'>reducebat,</span> <span class='ocrx_word' id='word_1_17' title='bbox 1390 372 1569 422; x_wconf 75' lang='lat' dir='ltr'>reliquias</span> 
     </span>
     <span class='ocr_line' id='line_1_4' title="bbox 282 430 1571 483; baseline 0 -11"><span class='ocrx_word' id='word_1_18' title='bbox 282 430 528 482; x_wconf 89' lang='lat' dir='ltr'>Pompejanae</span> <span class='ocrx_word' id='word_1_19' title='bbox 563 432 822 483; x_wconf 79' lang='lat' dir='ltr'>Craffanaeque</span> <span class='ocrx_word' id='word_1_20' title='bbox 857 432 1006 472; x_wconf 86' lang='lat' dir='ltr'>cladis:</span> <span class='ocrx_word' id='word_1_21' title='bbox 1049 440 1115 471; x_wconf 83' lang='lat' dir='ltr'>aut</span> <span class='ocrx_word' id='word_1_22' title='bbox 1145 445 1194 471; x_wconf 76' lang='lat' dir='ltr'>ex</span> <span class='ocrx_word' id='word_1_23' title='bbox 1232 432 1277 471; x_wconf 88' lang='lat' dir='ltr'>iis</span> <span class='ocrx_word' id='word_1_24' title='bbox 1310 431 1536 472; x_wconf 88' lang='lat' dir='ltr'>cohortibus</span> <span class='ocrx_word' id='word_1_25' title='bbox 1557 462 1571 481; x_wconf 92' lang='lat'>‚</span> 
     </span>
     <span class='ocr_line' id='line_1_5' title="bbox 278 494 1574 547; baseline -0.001 -15"><span class='ocrx_word' id='word_1_26' title='bbox 278 506 373 544; x_wconf 90' lang='lat' dir='ltr'>quas</span> <span class='ocrx_word' id='word_1_27' title='bbox 394 496 497 545; x_wconf 87' lang='lat' dir='ltr'>apud</span> <span class='ocrx_word' id='word_1_28' title='bbox 513 495 757 547; x_wconf 85' lang='lat' dir='ltr'>Cleopatram</span> <span class='ocrx_word' id='word_1_29' title='bbox 779 494 983 545; x_wconf 88' lang='lat' dir='ltr'>reliquerat</span> <span class='ocrx_word' id='word_1_30' title='bbox 1005 495 1137 535; x_wconf 81' lang='lat' dir='ltr'>Caesar.</span> <span class='ocrx_word' id='word_1_31' title='bbox 1165 508 1290 546; x_wconf 90' lang='lat' dir='ltr'>neque</span> <span class='ocrx_word' id='word_1_32' title='bbox 1311 495 1420 535; x_wconf 85' lang='lat' dir='ltr'>ausus</span> <span class='ocrx_word' id='word_1_33' title='bbox 1437 496 1574 535; x_wconf 86' lang='lat' dir='ltr'>adver-</span> 
     </span>
     <span class='ocr_line' id='line_1_6' title="bbox 276 554 1573 608; baseline 0.001 -14"><span class='ocrx_word' id='word_1_34' title='bbox 276 554 340 594; x_wconf 79' lang='lat' dir='ltr'>sus</span> <span class='ocrx_word' id='word_1_35' title='bbox 366 559 454 596; x_wconf 63' lang='lat' dir='ltr'>octo</span> <span class='ocrx_word' id='word_1_36' title='bbox 483 556 653 608; x_wconf 84' lang='lat' dir='ltr'>legiones</span> <span class='ocrx_word' id='word_1_37' title='bbox 678 557 941 605; x_wconf 86' lang='lat' dir='ltr'>contendere,</span> <span class='ocrx_word' id='word_1_38' title='bbox 968 568 1059 596; x_wconf 88' lang='lat' dir='ltr'>cum</span> <span class='ocrx_word' id='word_1_39' title='bbox 1078 557 1248 597; x_wconf 79' lang='lat' dir='ltr'>exercitu</span> <span class='ocrx_word' id='word_1_40' title='bbox 1277 558 1316 596; x_wconf 91' lang='lat' dir='ltr'>in</span> <span class='ocrx_word' id='word_1_41' title='bbox 1344 556 1459 598; x_wconf 86' lang='lat' dir='ltr'>Caffii</span> <span class='ocrx_word' id='word_1_42' title='bbox 1485 569 1573 608; x_wconf 86' lang='lat' dir='ltr'>par-</span> 
     </span>
     <span class='ocr_line' id='line_1_7' title="bbox 278 618 514 658; baseline 0.013 -3"><span class='ocrx_word' id='word_1_43' title='bbox 278 623 336 656; x_wconf 89' lang='lat' dir='ltr'>tes</span> <span class='ocrx_word' id='word_1_44' title='bbox 360 618 514 658; x_wconf 74' lang='lat' dir='ltr'>transiit.</span> 
     </span>
    </p>

    <p class='ocr_par' dir='ltr' id='par_1_3' title="bbox 276 679 1574 1292">
     <span class='ocr_line' id='line_1_8' title="bbox 334 679 1572 730; baseline 0 -10"><span class='ocrx_word' id='word_1_45' title='bbox 334 681 406 720; x_wconf 87' lang='lat' dir='ltr'>XI.</span> <span class='ocrx_word' id='word_1_46' title='bbox 433 682 541 721; x_wconf 88' lang='lat' dir='ltr'>Haec</span> <span class='ocrx_word' id='word_1_47' title='bbox 566 689 655 718; x_wconf 90' lang='lat' dir='ltr'>ante</span> <span class='ocrx_word' id='word_1_48' title='bbox 670 680 803 719; x_wconf 91' lang='lat' dir='ltr'>Nonas</span> <span class='ocrx_word' id='word_1_49' title='bbox 830 679 992 718; x_wconf 83' lang='lat' dir='ltr'>Martias</span> <span class='ocrx_word' id='word_1_50' title='bbox 1019 681 1104 719; x_wconf 68' lang='lat' dir='ltr'>ac‘ta</span> <span class='ocrx_word' id='word_1_51' title='bbox 1129 679 1345 730; x_wconf 77' lang='lat' dir='ltr'>perscripsit</span> <span class='ocrx_word' id='word_1_52' title='bbox 1369 681 1411 719; x_wconf 87' lang='lat' dir='ltr'>in</span> <span class='ocrx_word' id='word_1_53' title='bbox 1433 680 1572 720; x_wconf 84' lang='lat' dir='ltr'>urbem</span> 
     </span>
     <span class='ocr_line' id='line_1_9' title="bbox 280 742 1574 793; baseline -0.002 -12"><span class='ocrx_word' id='word_1_54' title='bbox 280 742 424 782; x_wconf 84' lang='lat' dir='ltr'>Caffius</span> <span class='ocrx_word' id='word_1_55' title='bbox 457 756 504 783; x_wconf 82' lang='lat' dir='ltr'>ex</span> <span class='ocrx_word' id='word_1_56' title='bbox 532 742 683 788; x_wconf 78' lang='lat' dir='ltr'>castris,</span> <span class='ocrx_word' id='word_1_57' title='bbox 716 755 799 791; x_wconf 82' lang='lat' dir='ltr'>quae</span> <span class='ocrx_word' id='word_1_58' title='bbox 831 742 871 780; x_wconf 88' lang='lat' dir='ltr'>in</span> <span class='ocrx_word' id='word_1_59' title='bbox 904 743 1053 793; x_wconf 88' lang='lat' dir='ltr'>oppido</span> <span class='ocrx_word' id='word_1_60' title='bbox 1086 742 1249 782; x_wconf 80' lang='lat' dir='ltr'>Galilaeae</span> <span class='ocrx_word' id='word_1_61' title='bbox 1273 742 1472 783; x_wconf 85' lang='lat' dir='ltr'>Tarichaea</span> <span class='ocrx_word' id='word_1_62' title='bbox 1505 757 1574 793; x_wconf 90' lang='lat' dir='ltr'>po.</span> 
     </span>
     <span class='ocr_line' id='line_1_10' title="bbox 276 802 1573 852; baseline -0.001 -10"><span class='ocrx_word' id='word_1_63' title='bbox 276 803 415 844; x_wconf 86' lang='lat' dir='ltr'>suerat.</span> <span class='ocrx_word' id='word_1_64' title='bbox 455 804 539 844; x_wconf 90' lang='lat' dir='ltr'>Post</span> <span class='ocrx_word' id='word_1_65' title='bbox 564 802 735 842; x_wconf 89' lang='lat' dir='ltr'>mensem</span> <span class='ocrx_word' id='word_1_66' title='bbox 767 804 936 852; x_wconf 87' lang='lat' dir='ltr'>deinde,</span> <span class='ocrx_word' id='word_1_67' title='bbox 964 803 1208 844; x_wconf 85' lang='lat' dir='ltr'>Dolabellam</span> <span class='ocrx_word' id='word_1_68' title='bbox 1239 805 1279 843; x_wconf 91' lang='lat' dir='ltr'>in</span> <span class='ocrx_word' id='word_1_69' title='bbox 1304 803 1478 843; x_wconf 86' lang='lat' dir='ltr'>Ciliciam</span> <span class='ocrx_word' id='word_1_70' title='bbox 1510 818 1573 843; x_wconf 80' lang='lat' dir='ltr'>ve-</span> 
     </span>
     <span class='ocr_line' id='line_1_11' title="bbox 280 864 1573 918; baseline 0.002 -16"><span class='ocrx_word' id='word_1_71' title='bbox 280 865 363 903; x_wconf 85' lang='lat' dir='ltr'>nire</span> <span class='ocrx_word' id='word_1_72' title='bbox 383 866 541 904; x_wconf 89' lang='lat' dir='ltr'>audiens</span> <span class='ocrx_word' id='word_1_73' title='bbox 556 895 567 913; x_wconf 87' lang='lat'>,</span> <span class='ocrx_word' id='word_1_74' title='bbox 583 864 742 904; x_wconf 83' lang='lat' dir='ltr'>dimiffis</span> <span class='ocrx_word' id='word_1_75' title='bbox 767 864 842 903; x_wconf 85' lang='lat' dir='ltr'>fine</span> <span class='ocrx_word' id='word_1_76' title='bbox 865 865 1002 914; x_wconf 87' lang='lat' dir='ltr'>injuria</span> <span class='ocrx_word' id='word_1_77' title='bbox 1026 864 1134 905; x_wconf 77' lang='lat' dir='ltr'>Basso</span> <span class='ocrx_word' id='word_1_78' title='bbox 1158 865 1387 916; x_wconf 71' lang='lat' dir='ltr'>Crffpoque,</span> <span class='ocrx_word' id='word_1_79' title='bbox 1410 868 1444 905; x_wconf 70' lang='grc' dir='ltr'>ἃ</span> <span class='ocrx_word' id='word_1_80' title='bbox 1467 866 1491 905; x_wconf 80' lang='lat' dir='ltr'>si</span> <span class='ocrx_word' id='word_1_81' title='bbox 1506 868 1573 918; x_wconf 85' lang='lat' dir='ltr'>qui</span> 
     </span>
     <span class='ocr_line' id='line_1_12' title="bbox 277 925 1571 978; baseline 0.002 -14"><span class='ocrx_word' id='word_1_82' title='bbox 277 935 461 976; x_wconf 78' lang='lat' dir='ltr'>praeterea</span> <span class='ocrx_word' id='word_1_83' title='bbox 489 939 642 965; x_wconf 87' lang='lat' dir='ltr'>manere</span> <span class='ocrx_word' id='word_1_84' title='bbox 672 925 947 978; x_wconf 80' lang='lat' dir='ltr'>gravabantur,</span> <span class='ocrx_word' id='word_1_85' title='bbox 985 925 1180 977; x_wconf 79' lang='lat' dir='ltr'>classisque</span> <span class='ocrx_word' id='word_1_86' title='bbox 1213 927 1436 977; x_wconf 62' lang='lat' dir='ltr'>praefectura</span> <span class='ocrx_word' id='word_1_87' title='bbox 1465 928 1571 967; x_wconf 81' lang='lat' dir='ltr'>Mur-</span> 
     </span>
     <span class='ocr_line' id='line_1_13' title="bbox 279 988 1572 1039; baseline 0.002 -14"><span class='ocrx_word' id='word_1_88' title='bbox 279 999 328 1025; x_wconf 87' lang='lat' dir='ltr'>co</span> <span class='ocrx_word' id='word_1_89' title='bbox 359 988 497 1026; x_wconf 86' lang='lat' dir='ltr'>tradita</span> <span class='ocrx_word' id='word_1_90' title='bbox 514 1018 523 1036; x_wconf 86' lang='lat'><strong>‚</strong></span> <span class='ocrx_word' id='word_1_91' title='bbox 553 988 692 1026; x_wconf 89' lang='lat' dir='ltr'>eodem</span> <span class='ocrx_word' id='word_1_92' title='bbox 722 988 886 1027; x_wconf 87' lang='lat' dir='ltr'>instituit</span> <span class='ocrx_word' id='word_1_93' title='bbox 908 989 1070 1038; x_wconf 88' lang='lat' dir='ltr'>ducere,</span> <span class='ocrx_word' id='word_1_94' title='bbox 1098 990 1228 1028; x_wconf 69' lang='lat' dir='ltr'>auCtus</span> <span class='ocrx_word' id='word_1_95' title='bbox 1252 989 1367 1028; x_wconf 83' lang='lat' dir='ltr'>etiam</span> <span class='ocrx_word' id='word_1_96' title='bbox 1392 991 1572 1039; x_wconf 83' lang='lat' dir='ltr'>equitum</span> 
     </span>
     <span class='ocr_line' id='line_1_14' title="bbox 277 1049 1572 1104; baseline 0.003 -17"><span class='ocrx_word' id='word_1_97' title='bbox 277 1049 563 1100; x_wconf 84' lang='lat' dir='ltr'>sagittariorum</span> <span class='ocrx_word' id='word_1_98' title='bbox 591 1051 722 1101; x_wconf 88' lang='lat' dir='ltr'>aliquo</span> <span class='ocrx_word' id='word_1_99' title='bbox 753 1065 941 1100; x_wconf 80' lang='lat' dir='ltr'>numero„</span> <span class='ocrx_word' id='word_1_100' title='bbox 970 1053 1035 1104; x_wconf 89' lang='lat' dir='ltr'>qui</span> <span class='ocrx_word' id='word_1_101' title='bbox 1065 1066 1112 1093; x_wconf 83' lang='lat' dir='ltr'>ex</span> <span class='ocrx_word' id='word_1_102' title='bbox 1135 1053 1308 1101; x_wconf 83' lang='lat' dir='ltr'>Parthis,</span> <span class='ocrx_word' id='word_1_103' title='bbox 1331 1065 1444 1104; x_wconf 89' lang='lat' dir='ltr'>quam</span> <span class='ocrx_word' id='word_1_104' title='bbox 1465 1053 1572 1102; x_wconf 88' lang='lat' dir='ltr'>apud</span> 
     </span>
     <span class='ocr_line' id='line_1_15' title="bbox 278 1113 1570 1165; baseline 0.005 -15"><span class='ocrx_word' id='word_1_105' title='bbox 278 1122 435 1165; x_wconf 84' lang='lat' dir='ltr'>gentem</span> <span class='ocrx_word' id='word_1_106' title='bbox 468 1113 573 1153; x_wconf 82' lang='lat' dir='ltr'>fama</span> <span class='ocrx_word' id='word_1_107' title='bbox 607 1122 688 1153; x_wconf 82' lang='lat' dir='ltr'>erat</span> <span class='ocrx_word' id='word_1_108' title='bbox 728 1114 978 1164; x_wconf 86' lang='lat' dir='ltr'>clariffimus,</span> <span class='ocrx_word' id='word_1_109' title='bbox 1011 1117 1061 1156; x_wconf 91' lang='lat' dir='ltr'>ad</span> <span class='ocrx_word' id='word_1_110' title='bbox 1092 1130 1182 1157; x_wconf 88' lang='lat' dir='ltr'>eum</span> <span class='ocrx_word' id='word_1_111' title='bbox 1218 1126 1420 1157; x_wconf 84' lang='lat' dir='ltr'>venerant.</span> <span class='ocrx_word' id='word_1_112' title='bbox 1466 1117 1570 1157; x_wconf 86' lang='lat' dir='ltr'>Tum</span> 
     </span>
     <span class='ocr_line' id='line_1_16' title="bbox 281 1175 1574 1230; baseline 0.004 -16"><span class='ocrx_word' id='word_1_113' title='bbox 281 1175 440 1226; x_wconf 81' lang='lat' dir='ltr'>cognito</span> <span class='ocrx_word' id='word_1_114' title='bbox 455 1206 468 1224; x_wconf 93' lang='lat'>‚</span> <span class='ocrx_word' id='word_1_115' title='bbox 498 1175 649 1215; x_wconf 78' lang='lat' dir='ltr'>classem</span> <span class='ocrx_word' id='word_1_116' title='bbox 673 1175 886 1216; x_wconf 69' lang='lat' dir='ltr'>Dolabellae</span> <span class='ocrx_word' id='word_1_117' title='bbox 907 1178 979 1217; x_wconf 82' lang='lat' dir='ltr'>effe</span> <span class='ocrx_word' id='word_1_118' title='bbox 1004 1179 1043 1217; x_wconf 84' lang='lat' dir='ltr'>in</span> <span class='ocrx_word' id='word_1_119' title='bbox 1066 1179 1221 1227; x_wconf 84' lang='lat' dir='ltr'>Cilicia,</span> <span class='ocrx_word' id='word_1_120' title='bbox 1242 1179 1363 1230; x_wconf 85' lang='lat' dir='ltr'>ipsum</span> <span class='ocrx_word' id='word_1_121' title='bbox 1388 1178 1454 1219; x_wconf 82' lang='lat' dir='ltr'>iffe</span> <span class='ocrx_word' id='word_1_122' title='bbox 1478 1179 1574 1219; x_wconf 84' lang='lat' dir='ltr'>Lao-</span> 
     </span>
     <span class='ocr_line' id='line_1_17' title="bbox 278 1237 1419 1292; baseline 0.005 -17"><span class='ocrx_word' id='word_1_123' title='bbox 278 1237 458 1284; x_wconf 88' lang='lat' dir='ltr'>diceam,</span> <span class='ocrx_word' id='word_1_124' title='bbox 487 1238 626 1276; x_wconf 85' lang='lat' dir='ltr'>eodem</span> <span class='ocrx_word' id='word_1_125' title='bbox 655 1249 743 1276; x_wconf 90' lang='lat' dir='ltr'>cum</span> <span class='ocrx_word' id='word_1_126' title='bbox 772 1239 952 1279; x_wconf 84' lang='lat' dir='ltr'>omnibus</span> <span class='ocrx_word' id='word_1_127' title='bbox 976 1241 1100 1290; x_wconf 82' lang='lat' dir='ltr'>copiis</span> <span class='ocrx_word' id='word_1_128' title='bbox 1126 1241 1178 1280; x_wconf 86' lang='lat' dir='ltr'>est</span> <span class='ocrx_word' id='word_1_129' title='bbox 1210 1242 1419 1292; x_wconf 56' lang='lat' dir='ltr'>profectus.</span> 
     </span>
    </p>

    <p class='ocr_par' dir='ltr' id='par_1_4' title="bbox 276 1298 1572 1970">
     <span class='ocr_line' id='line_1_18' title="bbox 345 1298 1562 1352; baseline 0.004 -15"><span class='ocrx_word' id='word_1_130' title='bbox 345 1299 438 1338; x_wconf 88' lang='lat' dir='ltr'><strong>XII.</strong></span> <span class='ocrx_word' id='word_1_131' title='bbox 471 1299 630 1349; x_wconf 83' lang='lat' dir='ltr'>Quippe</span> <span class='ocrx_word' id='word_1_132' title='bbox 655 1298 882 1347; x_wconf 79' lang='lat' dir='ltr'>Dolabella,</span> <span class='ocrx_word' id='word_1_133' title='bbox 910 1301 993 1350; x_wconf 88' lang='lat' dir='ltr'>post</span> <span class='ocrx_word' id='word_1_134' title='bbox 1019 1303 1266 1342; x_wconf 55' lang='lat' dir='ltr'>interfectum</span> <span class='ocrx_word' id='word_1_135' title='bbox 1294 1303 1562 1352; x_wconf 78' lang='lat' dir='ltr'>Trebonium,</span> 
     </span>
     <span class='ocr_line' id='line_1_19' title="bbox 278 1361 1572 1416; baseline 0.003 -16"><span class='ocrx_word' id='word_1_136' title='bbox 278 1361 430 1400; x_wconf 82' lang='lat' dir='ltr'>tributis</span> <span class='ocrx_word' id='word_1_137' title='bbox 456 1362 545 1402; x_wconf 81' lang='lat' dir='ltr'>Afiae</span> <span class='ocrx_word' id='word_1_138' title='bbox 572 1362 800 1409; x_wconf 81' lang='lat' dir='ltr'>civitatum,</span> <span class='ocrx_word' id='word_1_139' title='bbox 824 1361 978 1401; x_wconf 80' lang='lat' dir='ltr'>classem</span> <span class='ocrx_word' id='word_1_140' title='bbox 1004 1377 1024 1402; x_wconf 86' lang='lat' dir='ltr'>a</span> <span class='ocrx_word' id='word_1_141' title='bbox 1045 1363 1206 1404; x_wconf 82' lang='lat' dir='ltr'>Rhodiis</span> <span class='ocrx_word' id='word_1_142' title='bbox 1233 1364 1433 1415; x_wconf 81' lang='lat' dir='ltr'>Lyciisque</span> <span class='ocrx_word' id='word_1_143' title='bbox 1458 1374 1572 1416; x_wconf 84' lang='lat' dir='ltr'>atque</span> 
     </span>
     <span class='ocr_line' id='line_1_20' title="bbox 277 1424 1570 1478; baseline 0.003 -15"><span class='ocrx_word' id='word_1_144' title='bbox 277 1437 300 1463; x_wconf 88' lang='lat' dir='ltr'>e</span> <span class='ocrx_word' id='word_1_145' title='bbox 322 1424 534 1475; x_wconf 83' lang='lat' dir='ltr'>Pamphilia</span> <span class='ocrx_word' id='word_1_146' title='bbox 559 1427 595 1464; x_wconf 69' lang='grc' dir='ltr'>δε</span> <span class='ocrx_word' id='word_1_147' title='bbox 622 1425 831 1474; x_wconf 84' lang='lat' dir='ltr'>Cilicibus,</span> <span class='ocrx_word' id='word_1_148' title='bbox 860 1439 976 1476; x_wconf 81' lang='lat' dir='ltr'>opera</span> <span class='ocrx_word' id='word_1_149' title='bbox 1006 1427 1048 1466; x_wconf 88' lang='lat' dir='ltr'>L.</span> <span class='ocrx_word' id='word_1_150' title='bbox 1073 1427 1210 1466; x_wconf 80' lang='lat' dir='ltr'>Lucilii</span> <span class='ocrx_word' id='word_1_151' title='bbox 1240 1427 1388 1478; x_wconf 75' lang='lat' dir='ltr'>Figuli,</span> <span class='ocrx_word' id='word_1_152' title='bbox 1421 1441 1570 1468; x_wconf 86' lang='lat' dir='ltr'>merce-</span> 
     </span>
     <span class='ocr_line' id='line_1_21' title="bbox 278 1486 1571 1538; baseline 0.003 -14"><span class='ocrx_word' id='word_1_153' title='bbox 278 1486 328 1525; x_wconf 92' lang='lat' dir='ltr'>de</span> <span class='ocrx_word' id='word_1_154' title='bbox 362 1486 605 1525; x_wconf 80' lang='lat' dir='ltr'>conduxerat</span> <span class='ocrx_word' id='word_1_155' title='bbox 636 1500 646 1525; x_wconf 92' lang='lat'>:</span> <span class='ocrx_word' id='word_1_156' title='bbox 688 1488 912 1537; x_wconf 82' lang='lat' dir='ltr'>Syriamque</span> <span class='ocrx_word' id='word_1_157' title='bbox 944 1487 1101 1538; x_wconf 81' lang='lat' dir='ltr'>Figulus</span> <span class='ocrx_word' id='word_1_158' title='bbox 1140 1488 1330 1537; x_wconf 80' lang='lat' dir='ltr'>navibus,</span> <span class='ocrx_word' id='word_1_159' title='bbox 1369 1488 1571 1529; x_wconf 84' lang='lat' dir='ltr'>Dolabella</span> 
     </span>
     <span class='ocr_line' id='line_1_22' title="bbox 276 1548 1570 1601; baseline 0.003 -15"><span class='ocrx_word' id='word_1_160' title='bbox 276 1548 442 1598; x_wconf 86' lang='lat' dir='ltr'>pedestri</span> <span class='ocrx_word' id='word_1_161' title='bbox 469 1548 604 1587; x_wconf 89' lang='lat' dir='ltr'>itinere</span> <span class='ocrx_word' id='word_1_162' title='bbox 631 1548 968 1599; x_wconf 70' lang='lat' dir='ltr'>cum&#39;lcgionibus</span> <span class='ocrx_word' id='word_1_163' title='bbox 999 1550 1149 1589; x_wconf 83' lang='lat' dir='ltr'>duabus</span> <span class='ocrx_word' id='word_1_164' title='bbox 1177 1551 1374 1601; x_wconf 87' lang='lat' dir='ltr'>petebant.</span> <span class='ocrx_word' id='word_1_165' title='bbox 1412 1551 1570 1590; x_wconf 81' lang='lat' dir='ltr'>Animos</span> 
     </span>
     <span class='ocr_line' id='line_1_23' title="bbox 278 1610 1570 1663; baseline 0.001 -13"><span class='ocrx_word' id='word_1_166' title='bbox 278 1610 419 1650; x_wconf 82' lang='lat' dir='ltr'>Tarsus</span> <span class='ocrx_word' id='word_1_167' title='bbox 455 1612 490 1650; x_wconf 83' lang='lat'>&amp;</span> <span class='ocrx_word' id='word_1_168' title='bbox 521 1610 712 1650; x_wconf 83' lang='lat' dir='ltr'>Laodicea</span> <span class='ocrx_word' id='word_1_169' title='bbox 748 1611 915 1660; x_wconf 86' lang='lat' dir='ltr'>dabant,</span> <span class='ocrx_word' id='word_1_170' title='bbox 945 1610 1028 1650; x_wconf 83' lang='lat' dir='ltr'>haec</span> <span class='ocrx_word' id='word_1_171' title='bbox 1064 1611 1163 1650; x_wconf 84' lang='lat' dir='ltr'>inter</span> <span class='ocrx_word' id='word_1_172' title='bbox 1198 1613 1357 1663; x_wconf 75' lang='lat' dir='ltr'>insignes</span> <span class='ocrx_word' id='word_1_173' title='bbox 1381 1613 1493 1663; x_wconf 79' lang='lat' dir='ltr'>Syriae</span> <span class='ocrx_word' id='word_1_174' title='bbox 1514 1614 1570 1651; x_wconf 85' lang='lat' dir='ltr'>ci-</span> 
     </span>
     <span class='ocr_line' id='line_1_24' title="bbox 277 1671 1571 1726; baseline 0.002 -15"><span class='ocrx_word' id='word_1_175' title='bbox 277 1674 439 1721; x_wconf 81' lang='lat' dir='ltr'>vitates,</span> <span class='ocrx_word' id='word_1_176' title='bbox 473 1671 539 1711; x_wconf 90' lang='lat' dir='ltr'>illa</span> <span class='ocrx_word' id='word_1_177' title='bbox 567 1671 710 1712; x_wconf 85' lang='lat' dir='ltr'>Ciliciae</span> <span class='ocrx_word' id='word_1_178' title='bbox 737 1681 865 1723; x_wconf 85' lang='lat' dir='ltr'>caput.</span> <span class='ocrx_word' id='word_1_179' title='bbox 906 1673 982 1713; x_wconf 85' lang='lat' dir='ltr'>Sed</span> <span class='ocrx_word' id='word_1_180' title='bbox 1011 1672 1132 1713; x_wconf 81' lang='lat' dir='ltr'>claffis</span> <span class='ocrx_word' id='word_1_181' title='bbox 1159 1675 1208 1714; x_wconf 88' lang='lat' dir='ltr'>ad</span> <span class='ocrx_word' id='word_1_182' title='bbox 1237 1675 1442 1726; x_wconf 81' lang='lat' dir='ltr'>Corcyram</span> <span class='ocrx_word' id='word_1_183' title='bbox 1469 1674 1571 1714; x_wconf 87' lang='lat' dir='ltr'>clau-</span> 
     </span>
     <span class='ocr_line' id='line_1_25' title="bbox 277 1732 1568 1783; baseline 0.001 -11"><span class='ocrx_word' id='word_1_184' title='bbox 277 1732 319 1772; x_wconf 69' lang='lat' dir='ltr'>so</span> <span class='ocrx_word' id='word_1_185' title='bbox 349 1741 461 1782; x_wconf 89' lang='lat' dir='ltr'>portu</span> <span class='ocrx_word' id='word_1_186' title='bbox 497 1732 534 1770; x_wconf 89' lang='lat' dir='ltr'>se</span> <span class='ocrx_word' id='word_1_187' title='bbox 567 1732 715 1782; x_wconf 88' lang='lat' dir='ltr'>tenuit,</span> <span class='ocrx_word' id='word_1_188' title='bbox 758 1746 848 1772; x_wconf 89' lang='lat' dir='ltr'>cum</span> <span class='ocrx_word' id='word_1_189' title='bbox 885 1745 970 1772; x_wconf 84' lang='lat' dir='ltr'>eam</span> <span class='ocrx_word' id='word_1_190' title='bbox 1000 1733 1049 1783; x_wconf 77' lang='lat' dir='ltr'>Q</span> <span class='ocrx_word' id='word_1_191' title='bbox 1075 1733 1218 1773; x_wconf 82' lang='lat' dir='ltr'>Caffius</span> <span class='ocrx_word' id='word_1_192' title='bbox 1257 1734 1408 1773; x_wconf 89' lang='lat' dir='ltr'>secutus</span> <span class='ocrx_word' id='word_1_193' title='bbox 1446 1733 1568 1782; x_wconf 81' lang='lat' dir='ltr'>effet3</span> 
     </span>
     <span class='ocr_line' id='line_1_26' title="bbox 281 1794 1569 1847; baseline 0.001 -14"><span class='ocrx_word' id='word_1_194' title='bbox 281 1795 424 1834; x_wconf 86' lang='lat' dir='ltr'>deinde</span> <span class='ocrx_word' id='word_1_195' title='bbox 462 1794 540 1834; x_wconf 90' lang='lat' dir='ltr'>hoc</span> <span class='ocrx_word' id='word_1_196' title='bbox 575 1795 624 1833; x_wconf 90' lang='lat' dir='ltr'>ad</span> <span class='ocrx_word' id='word_1_197' title='bbox 663 1795 779 1834; x_wconf 85' lang='lat' dir='ltr'>castra</span> <span class='ocrx_word' id='word_1_198' title='bbox 814 1794 924 1835; x_wconf 82' lang='lat' dir='ltr'>Caffii</span> <span class='ocrx_word' id='word_1_199' title='bbox 958 1795 1154 1845; x_wconf 64' lang='lat' dir='ltr'>pmfedto,</span> <span class='ocrx_word' id='word_1_200' title='bbox 1190 1796 1370 1837; x_wconf 87' lang='lat' dir='ltr'>Turulius</span> <span class='ocrx_word' id='word_1_201' title='bbox 1409 1795 1569 1847; x_wconf 78' lang='lat' dir='ltr'>quaestot</span> 
     </span>
     <span class='ocr_line' id='line_1_27' title="bbox 280 1857 1568 1908; baseline 0.002 -14"><span class='ocrx_word' id='word_1_202' title='bbox 280 1868 370 1895; x_wconf 89' lang='lat' dir='ltr'>cum</span> <span class='ocrx_word' id='word_1_203' title='bbox 404 1857 589 1903; x_wconf 84' lang='lat' dir='ltr'>navibus,</span> <span class='ocrx_word' id='word_1_204' title='bbox 621 1870 716 1907; x_wconf 81' lang='lat' dir='ltr'>quas</span> <span class='ocrx_word' id='word_1_205' title='bbox 738 1870 838 1896; x_wconf 87' lang='lat' dir='ltr'>anno</span> <span class='ocrx_word' id='word_1_206' title='bbox 861 1857 1050 1908; x_wconf 87' lang='lat' dir='ltr'>superiore</span> <span class='ocrx_word' id='word_1_207' title='bbox 1074 1859 1228 1899; x_wconf 87' lang='lat' dir='ltr'>Tullius</span> <span class='ocrx_word' id='word_1_208' title='bbox 1256 1859 1414 1900; x_wconf 89' lang='lat' dir='ltr'>Cimber</span> <span class='ocrx_word' id='word_1_209' title='bbox 1440 1861 1480 1898; x_wconf 87' lang='lat' dir='ltr'>&#39;m</span> <span class='ocrx_word' id='word_1_210' title='bbox 1506 1858 1568 1899; x_wconf 87' lang='lat' dir='ltr'>Bi-</span> 
     </span>
     <span class='ocr_line' id='line_1_28' title="bbox 280 1917 1182 1970; baseline 0.001 -12"><span class='ocrx_word' id='word_1_211' title='bbox 280 1917 417 1970; x_wconf 75' lang='lat' dir='ltr'>thymia</span> <span class='ocrx_word' id='word_1_212' title='bbox 447 1926 710 1970; x_wconf 81' lang='lat' dir='ltr'>compararat,</span> <span class='ocrx_word' id='word_1_213' title='bbox 740 1919 891 1958; x_wconf 89' lang='lat' dir='ltr'>cursum</span> <span class='ocrx_word' id='word_1_214' title='bbox 921 1919 1182 1970; x_wconf 78' lang='lat' dir='ltr'>praecluderet.</span> 
     </span>
    </p>

    <p class='ocr_par' dir='ltr' id='par_1_5' title="bbox 257 1979 1568 2341">
     <span class='ocr_line' id='line_1_29' title="bbox 335 1979 1568 2030; baseline 0.002 -11"><span class='ocrx_word' id='word_1_215' title='bbox 335 1980 446 2020; x_wconf 82' lang='lat' dir='ltr'><strong>XIII.</strong></span> <span class='ocrx_word' id='word_1_216' title='bbox 480 1981 526 2020; x_wconf 83' lang='lat' dir='ltr'>At</span> <span class='ocrx_word' id='word_1_217' title='bbox 549 1979 775 2029; x_wconf 83' lang='lat' dir='ltr'>Dolabella,</span> <span class='ocrx_word' id='word_1_218' title='bbox 799 1980 1037 2021; x_wconf 60' lang='lat' dir='ltr'>Tarsensium</span> <span class='ocrx_word' id='word_1_219' title='bbox 1054 2013 1064 2030; x_wconf 96' lang='lat'>‚</span> <span class='ocrx_word' id='word_1_220' title='bbox 1097 1982 1239 2022; x_wconf 89' lang='lat' dir='ltr'>deinde</span> <span class='ocrx_word' id='word_1_221' title='bbox 1259 1981 1568 2022; x_wconf 84' lang='lat' dir='ltr'>Laodicenorum</span> 
     </span>
     <span class='ocr_line' id='line_1_30' title="bbox 280 2043 1566 2095; baseline 0.001 -14"><span class='ocrx_word' id='word_1_222' title='bbox 280 2043 482 2092; x_wconf 83' lang='lat' dir='ltr'>juventute</span> <span class='ocrx_word' id='word_1_223' title='bbox 506 2044 718 2083; x_wconf 84' lang='lat' dir='ltr'>centuriata</span> <span class='ocrx_word' id='word_1_224' title='bbox 733 2075 744 2090; x_wconf 78' lang='lat'>‚</span> <span class='ocrx_word' id='word_1_225' title='bbox 762 2045 950 2084; x_wconf 82' lang='lat' dir='ltr'>exercitus</span> <span class='ocrx_word' id='word_1_226' title='bbox 964 2045 1076 2084; x_wconf 87' lang='lat' dir='ltr'>instar</span> <span class='ocrx_word' id='word_1_227' title='bbox 1100 2045 1214 2086; x_wconf 85' lang='lat' dir='ltr'>fecit:</span> <span class='ocrx_word' id='word_1_228' title='bbox 1239 2045 1462 2094; x_wconf 57' lang='lat' dir='ltr'>dejectaque</span> <span class='ocrx_word' id='word_1_229' title='bbox 1481 2057 1566 2095; x_wconf 86' lang='lat' dir='ltr'>par-</span> 
     </span>
     <span class='ocr_line' id='line_1_31' title="bbox 280 2104 1568 2156; baseline 0.002 -14"><span class='ocrx_word' id='word_1_230' title='bbox 280 2113 322 2142; x_wconf 89' lang='lat' dir='ltr'>te</span> <span class='ocrx_word' id='word_1_231' title='bbox 346 2104 605 2151; x_wconf 56' lang='lat' dir='ltr'>muri5castra</span> <span class='ocrx_word' id='word_1_232' title='bbox 627 2105 774 2155; x_wconf 84' lang='lat' dir='ltr'>oppido</span> <span class='ocrx_word' id='word_1_233' title='bbox 800 2106 1029 2154; x_wconf 77' lang='lat' dir='ltr'>conjunxit3</span> <span class='ocrx_word' id='word_1_234' title='bbox 1051 2105 1272 2156; x_wconf 88' lang='lat' dir='ltr'>postquam,</span> <span class='ocrx_word' id='word_1_235' title='bbox 1288 2105 1457 2155; x_wconf 76' lang='lat' dir='ltr'>praelidio</span> <span class='ocrx_word' id='word_1_236' title='bbox 1481 2104 1568 2144; x_wconf 83' lang='lat' dir='ltr'>Caf-</span> 
     </span>
     <span class='ocr_line' id='line_1_32' title="bbox 282 2165 1565 2218; baseline 0.002 -15"><span class='ocrx_word' id='word_1_237' title='bbox 282 2165 324 2203; x_wconf 75' lang='lat' dir='ltr'>sii</span> <span class='ocrx_word' id='word_1_238' title='bbox 349 2165 451 2215; x_wconf 87' lang='lat' dir='ltr'>apud</span> <span class='ocrx_word' id='word_1_239' title='bbox 477 2165 622 2218; x_wconf 82' lang='lat' dir='ltr'>AEgaeas</span> <span class='ocrx_word' id='word_1_240' title='bbox 650 2165 791 2205; x_wconf 85' lang='lat' dir='ltr'>Ciliciae</span> <span class='ocrx_word' id='word_1_241' title='bbox 826 2166 1022 2206; x_wconf 89' lang='lat' dir='ltr'>civitatem</span> <span class='ocrx_word' id='word_1_242' title='bbox 1060 2167 1236 2215; x_wconf 69' lang='lat' dir='ltr'>dejec&#39;to,</span> <span class='ocrx_word' id='word_1_243' title='bbox 1271 2166 1318 2204; x_wconf 86' lang='lat' dir='ltr'>ab</span> <span class='ocrx_word' id='word_1_244' title='bbox 1349 2165 1565 2205; x_wconf 69' lang='lat' dir='ltr'>Antiochiae</span> 
     </span>
     <span class='ocr_line' id='line_1_33' title="bbox 283 2217 1568 2279; baseline 0.001 -14"><span class='ocrx_word' id='word_1_245' title='bbox 283 2217 574 2277; x_wconf 72' lang='lat' dir='ltr'>oppugnatione</span> <span class='ocrx_word' id='word_1_246' title='bbox 597 2240 686 2267; x_wconf 88' lang='lat' dir='ltr'>cum</span> <span class='ocrx_word' id='word_1_247' title='bbox 719 2229 949 2268; x_wconf 85' lang='lat' dir='ltr'>detrimento</span> <span class='ocrx_word' id='word_1_248' title='bbox 973 2231 1135 2279; x_wconf 64' lang='lat' dir='ltr'>rejeclus</span> <span class='ocrx_word' id='word_1_249' title='bbox 1165 2229 1392 2279; x_wconf 80' lang='lat' dir='ltr'>aliquoties,</span> <span class='ocrx_word' id='word_1_250' title='bbox 1425 2229 1568 2267; x_wconf 87' lang='lat' dir='ltr'>deinde</span> 
     </span>
     <span class='ocr_line' id='line_1_34' title="bbox 257 2286 1566 2341; baseline 0 -13"><span class='ocrx_word' id='word_1_251' title='bbox 257 2286 453 2328; x_wconf 67' lang='lat' dir='ltr'>”desertus</span> <span class='ocrx_word' id='word_1_252' title='bbox 484 2290 527 2328; x_wconf 89' lang='lat' dir='ltr'>in</span> <span class='ocrx_word' id='word_1_253' title='bbox 561 2289 695 2328; x_wconf 85' lang='lat' dir='ltr'>itinere</span> <span class='ocrx_word' id='word_1_254' title='bbox 725 2302 746 2328; x_wconf 90' lang='lat' dir='ltr'>a</span> <span class='ocrx_word' id='word_1_255' title='bbox 780 2289 968 2341; x_wconf 85' lang='lat' dir='ltr'>plerisque</span> <span class='ocrx_word' id='word_1_256' title='bbox 1005 2289 1195 2330; x_wconf 81' lang='lat' dir='ltr'>militibus</span> <span class='ocrx_word' id='word_1_257' title='bbox 1229 2289 1396 2329; x_wconf 76' lang='lat' dir='ltr'>Asiaticis</span> <span class='ocrx_word' id='word_1_258' title='bbox 1430 2289 1566 2328; x_wconf 88' lang='lat' dir='ltr'>fuerat.</span> 
     </span>
    </p>
   </div>
   <div class='ocr_carea' id='block_1_3' title="bbox 282 2422 1567 2557">
    <p class='ocr_par' dir='ltr' id='par_1_6' title="bbox 282 2422 1567 2557">
     <span class='ocr_line' id='line_1_35' title="bbox 331 2422 1565 2468; baseline 0.001 -15"><span class='ocrx_word' id='word_1_259' title='bbox 331 2424 353 2464; x_wconf 60' lang='grc' dir='ltr'>ξ</span> <span class='ocrx_word' id='word_1_260' title='bbox 379 2422 420 2453; x_wconf 79' lang='grc' dir='ltr'>Χ.</span> <span class='ocrx_word' id='word_1_261' title='bbox 446 2423 583 2466; x_wconf 77' lang='lat' dir='ltr'>Joseph.</span> <span class='ocrx_word' id='word_1_262' title='bbox 606 2426 711 2468; x_wconf 79' lang='lat' dir='ltr'>antiq.</span> <span class='ocrx_word' id='word_1_263' title='bbox 732 2424 808 2456; x_wconf 77' lang='lat' dir='ltr'>Jud.</span> <span class='ocrx_word' id='word_1_264' title='bbox 838 2434 896 2463; x_wconf 71' lang='lat'>¹4,</span> <span class='ocrx_word' id='word_1_265' title='bbox 920 2436 980 2462; x_wconf 67' lang='grc' dir='ltr'>ιτ,</span> <span class='ocrx_word' id='word_1_266' title='bbox 999 2424 1032 2456; x_wconf 62' lang='grc' dir='ltr'>ἃ·</span> <span class='ocrx_word' id='word_1_267' title='bbox 1053 2424 1092 2456; x_wconf 86' lang='lat' dir='ltr'>dc</span> <span class='ocrx_word' id='word_1_268' title='bbox 1115 2424 1149 2457; x_wconf 93' lang='grc' dir='ltr'>Β.</span> <span class='ocrx_word' id='word_1_269' title='bbox 1174 2423 1248 2456; x_wconf 86' lang='lat' dir='ltr'>Jud.</span> <span class='ocrx_word' id='word_1_270' title='bbox 1281 2435 1322 2464; x_wconf 67' lang='grc' dir='ltr'>ι,</span> <span class='ocrx_word' id='word_1_271' title='bbox 1344 2436 1375 2467; x_wconf 84' lang='lat'>9.</span> <span class='ocrx_word' id='word_1_272' title='bbox 1397 2423 1476 2455; x_wconf 88' lang='lat' dir='ltr'>Dio.</span> <span class='ocrx_word' id='word_1_273' title='bbox 1496 2423 1565 2466; x_wconf 77' lang='lat' dir='ltr'>Ap-</span> 
     </span>
     <span class='ocr_line' id='line_1_36' title="bbox 282 2467 1567 2512; baseline 0.002 -15"><span class='ocrx_word' id='word_1_274' title='bbox 282 2478 375 2509; x_wconf 72' lang='lat' dir='ltr'>piam.</span> <span class='ocrx_word' id='word_1_275' title='bbox 392 2469 460 2499; x_wconf 64' lang='lat' dir='ltr'>(tic.</span> <span class='ocrx_word' id='word_1_276' title='bbox 486 2468 568 2501; x_wconf 70' lang='lat' dir='ltr'>Phil.</span> <span class='ocrx_word' id='word_1_277' title='bbox 597 2481 623 2499; x_wconf 72' lang='grc' dir='ltr'>ἰ</span> <span class='ocrx_word' id='word_1_278' title='bbox 647 2495 655 2504; x_wconf 81' lang='grc'><em>.</em></span> <span class='ocrx_word' id='word_1_279' title='bbox 686 2480 731 2512; x_wconf 74' lang='lat'>&#39;¹3&#39;</span> <span class='ocrx_word' id='word_1_280' title='bbox 757 2470 777 2505; x_wconf 57' lang='grc' dir='ltr'><strong>ξ</strong></span> <span class='ocrx_word' id='word_1_281' title='bbox 799 2469 857 2501; x_wconf 65' lang='lat' dir='ltr'>XI.</span> <span class='ocrx_word' id='word_1_282' title='bbox 876 2469 945 2501; x_wconf 61' lang='lat' dir='ltr'>sic.</span> <span class='ocrx_word' id='word_1_283' title='bbox 966 2470 1120 2502; x_wconf 74' lang='lat' dir='ltr'>familiar.</span> <span class='ocrx_word' id='word_1_284' title='bbox 1143 2480 1205 2510; x_wconf 71' lang='grc' dir='ltr'>η,</span> <span class='ocrx_word' id='word_1_285' title='bbox 1224 2480 1254 2501; x_wconf 77' lang='lat'>:2</span> <span class='ocrx_word' id='word_1_286' title='bbox 1282 2468 1313 2500; x_wconf 69' lang='grc'>8(</span> <span class='ocrx_word' id='word_1_287' title='bbox 1336 2479 1384 2512; x_wconf 76' lang='lat'>13.</span> <span class='ocrx_word' id='word_1_288' title='bbox 1403 2467 1567 2511; x_wconf 63' lang='lat' dir='ltr'>DimAp-</span> 
     </span>
     <span class='ocr_line' id='line_1_37' title="bbox 286 2513 1139 2557; baseline 0.004 -14"><span class='ocrx_word' id='word_1_289' title='bbox 286 2514 378 2554; x_wconf 62' lang='lat' dir='ltr'>piari.</span> <span class='ocrx_word' id='word_1_290' title='bbox 406 2513 426 2557; x_wconf 52' lang='grc' dir='ltr'>θ’</span> <span class='ocrx_word' id='word_1_291' title='bbox 454 2514 528 2546; x_wconf 80' lang='lat' dir='ltr'>Xll.</span> <span class='ocrx_word' id='word_1_292' title='bbox 555 2513 700 2557; x_wconf 51' lang='lat' dir='ltr'>Appias.</span> <span class='ocrx_word' id='word_1_293' title='bbox 729 2517 800 2546; x_wconf 61' lang='lat' dir='ltr'>[ic.</span> <span class='ocrx_word' id='word_1_294' title='bbox 827 2514 976 2547; x_wconf 56' lang='lat'>*‘„=.·1=.11‘1;·.=·.</span> <span class='ocrx_word' id='word_1_295' title='bbox 1008 2526 1064 2553; x_wconf 66' lang='lat'>1:²</span> <span class='ocrx_word' id='word_1_296' title='bbox 1089 2525 1139 2551; x_wconf 64' lang='grc'>14,</span> 
     </span>
    </p>
   </div>
  </div>
 </body>
</html>
