1685 3042
1384 93 1395 110 0

274 204 360 260 ,ruo
428 195 520 241 JO.
574 188 1073 239 FREINSH'EMII
1111 186 1473 237 SUPPLEM.

269 318 344 356 que
379 300 709 354 procrastinantes.
750 299 884 339 Praeter
919 295 1135 348 praefidium
1174 295 1334 335 Antonii
1378 293 1552 335 Claterna

267 362 464 419 dej'et‘tum
480 396 491 414 ,
516 363 612 404 nihil
639 371 719 403 erat
740 363 788 403 ab
816 361 942 402 Hirtio
970 361 1141 410 gestum:
1168 361 1203 400 ἃ
1230 357 1346 399 Pansa
1371 358 1577 398 tollendis]

267 428 428 471 Antonii
465 425 642 480 legibus,
669 425 896 475 agendoque
927 434 994 472 per
1026 422 1162 462 urbem
1191 422 1227 461 Sc
1253 419 1407 468 Italiam
1443 419 1555 459 dele-—

273 495 362 539 c‘tu,
391 487 665 539 occupabatur.

323 551 492 594 XXVII.
520 550 595 590 Sed
622 548 710 597 quia
736 545 909 585 nondum
932 553 1013 585 erat
1038 545 1309 595 tempestivum
1332 542 1416 582 haec
1445 542 1559 582 intel-

269 616 390 667 ligere
413 612 560 660 videri;
594 610 708 648 etiam
735 607 864 648 Hirtio
881 636 892 654 ‚
927 613 972 645 ut
991 619 1010 645 a
1034 605 1166 645 senatu
1195 604 1297 644 clam
1329 605 1557 643 mandatum

270 679 398 718 fuerat
412 706 423 724 ,
450 675 544 714 duas
564 671 738 723 poscenti
757 669 950 720 legiones,
971 677 1146 718 quartam
1167 669 1202 706 δε
1223 666 1431 714 Martiam,
1455 665 1561 715 quod

278 747 361 779 erat
390 735 538 775 roboris
561 734 601 772 in
626 731 818 778 exercitu,
843 728 1039 769 conceffit.
1076 731 1110 768 ἃ
1134 728 1261 768 Hirtio
1292 727 1479 768 Claternae
1505 726 1562 768 hi.-

276 802 509 846 bernaturo,
540 797 681 837 Forum
705 793 875 836 Cornelii
898 793 1120 844 profectus,
1155 791 1332 842 quotidie
1368 793 1403 831 δι
1431 791 1565 841 legen-

278 865 330 903 do
347 893 359 911 ,
389 865 423 903 6<
447 860 670 908 scribendo,
700 862 736 899 &
771 856 1026 897 declamando
1051 855 1088 894 se
1111 856 1304 904 exercuit3
1337 866 1498 905 gnarus,
1524 854 1562 892 in

279 925 431 964 summa
458 925 648 974 dignitate
672 921 887 972 potentiam
912 919 1106 957 munitam
1130 917 1269 963 armis,
1293 916 1475 955 facundia
1502 916 1567 955 de·-

283 989 452 1028 stitutum
483 987 518 1024 &
553 982 729 1023 civilibus
753 981 922 1029 artibus,
959 981 1081 1019 metui
1112 991 1228 1030 quam
1256 978 1398 1026 amari,
1426 979 1462 1017 δε
1488 984 1570 1016 ter-

281 1063 363 1089 rere
392 1061 506 1099 quam
534 1059 666 1098 rogare
694 1045 884 1096 aptiorem
911 1042 997 1084 effe.
1034 1042 1184 1082 Interea
1217 1043 1254 1080 Sc
1282 1041 1430 1091 legatus
1463 1040 1571 1079 Bruti

280 1111 439 1153 Pontius
469 1108 630 1160 Aquila,
659 1108 724 1158 qui
759 1106 933 1146 tribunus
963 1104 1088 1156 plebis
1120 1103 1336 1144 offenderat
1359 1101 1569 1151 Caesarem,

285 1175 429 1215 deinde
455 1174 553 1212 inter
583 1170 816 1222 percussores
846 1171 929 1218 ejus
950 1169 1099 1215 fuerat,
1134 1168 1180 1208 T.
1211 1168 1431 1209 Munatium
1460 1164 1569 1205 Plan-

287 1250 376 1277 cum
397 1235 546 1286 aliquot
571 1233 717 1285 proeliis
741 1233 907 1281 vietum,
923 1230 1134 1278 Pollentia,
1161 1231 1280 1269 etiam
1304 1241 1411 1268 crure
1427 1227 1573 1275 fracto,

286 1296 447 1348 expulit.
996 1324 1001 1330 .
1486 1318 1491 1323 .

342 1358 528 1400 XXVIII.
558 1358 605 1398 Et
631 1355 710 1408 ipse
735 1356 874 1396 Brutus
895 1354 1058 1394 senatori
1092 1353 1271 1401 cuidam,
1302 1353 1367 1403 qui
1392 1352 1574 1403 profuge-

288 1431 351 1462 rat>
372 1423 419 1461 ad
437 1421 667 1465 Antonium,
681 1416 959 1469 supellectilem
979 1447 990 1465 ,
1014 1430 1127 1467 quam
1157 1416 1220 1467 ille
1235 1417 1397 1457 Mutina?
1416 1415 1578 1466 relique-

286 1493 368 1530 rat,
392 1483 580 1522 mittendo
598 1511 608 1530 ,
641 1482 680 1519 in
706 1488 856 1520 tantum
882 1479 1092 1519 celebratus
1115 1480 1193 1527 est,
1219 1488 1262 1519 ut
1293 1482 1328 1520 ἃ
1350 1479 1570 1529 complures

288 1546 486 1590 civitates,
519 1555 601 1593 quae
627 1541 820 1591 superiore
853 1553 955 1580 anno
990 1540 1285 1592 largitionibus,
1319 1540 1573 1580 conceffioni-

290 1607 437 1656 busque
464 1604 752 1656 privilegiorum
779 1611 889 1641 erant
916 1601 1095 1652 obligatae
1129 1602 1297 1641 Antonio
1315 1632 1325 1649 ,
1354 1615 1375 1640 a
1400 1602 1573 1652 partibus

296 1673 378 1719 ejus
402 1669 679 1714 alienarentur,
707 1669 743 1706 8:
765 1666 956 1705 exercitus
984 1664 1092 1705 fieret
1121 1665 1282 1716 segnior.
1310 1664 1431 1715 Igitur
1458 1665 1579 1704 Anto-

296 1734 382 1772 nius
411 1731 459 1771 ad
486 1729 788 1780 corrumpendos
815 1727 1056 1769 Mutinenses
1086 1727 1239 1766 suorum
1267 1724 1417 1776 aliquos
1442 1726 1483 1764 in
1511 1738 1579 1776 op-

296 1797 432 1846 pidum
457 1794 564 1833 misit.
600 1795 648 1832 At
677 1793 815 1834 Brutus
842 1792 918 1831 hoc
942 1792 1106 1831 sentiens
1123 1822 1133 1839 ,
1166 1790 1300 1830 dolum
1332 1789 1436 1828 haud
1462 1788 1580 1828 inele-

299 1866 453 1908 gantem
479 1855 742 1902 machinatus,
765 1855 998 1893 convocavit
1017 1865 1152 1892 omnes
1173 1850 1357 1904 cujusque
1381 1851 1488 1889 modi
1510 1848 1580 1888 ho-

299 1925 448 1967 mines,
473 1919 537 1969 qui
560 1926 643 1958 tum
661 1917 821 1957 Mutinae
842 1915 1054 1966 degebant:
1078 1914 1286 1965 paucisque
1306 1912 1429 1959 verbis
1449 1912 1583 1960 factis,

302 1981 577 2022 demonstravit
601 1971 761 2026 Iocum,
799 1978 838 2016 in
869 1990 985 2028 quem
1013 1976 1181 2023 milites,
1218 1973 1325 2014 fimul
1361 1974 1506 2020 alium,
1542 1974 1581 2011 in

303 2057 419 2093 quem
448 2044 561 2081 ceteri
584 2042 834 2081 discederent.

361 2105 517 2146 XXIX.
555 2104 611 2144 Ita
642 2103 794 2142 relictos
822 2102 861 2141 in
885 2101 1012 2141 medio
1037 2100 1161 2140 hostes
1184 2098 1298 2139 facile
1333 2096 1588 2148 comprehen-

309 2166 378 2206 dit.
416 2168 464 2207 At
491 2165 556 2205 ubi
589 2163 898 2204 circumvallatus
930 2163 1054 2215 urgeri
1088 2163 1191 2202 fame
1217 2161 1366 2210 eoepit,
1397 2160 1518 2199 Caesar
1551 2161 1587 2199 ei

237 2261 241 2266 .
310 2241 507 2279 metuens,
549 2229 719 2270 Hirtium
752 2227 931 2280 impulit,
960 2235 1003 2267 ut
1032 2227 1082 2267 ad
1116 2225 1353 2266 liberandam
1391 2223 1589 2262 obsidione

362 2374 383 2417 ξ
411 2372 536 2406 XXVI.
562 2372 630 2406 JuI.
658 2372 784 2417 Obseq.
806 2373 890 2405 Plin.
915 2372 1058 2416 App'mn.
1091 2371 1167 2404 Dio.
1196 2371 1266 2404 Cic.
1293 2371 1447 2404 fumII'nar.
1473 2380 1529 2409 iz,
1555 2382 1588 2409 ς,

319 2419 351 2450 ὅ(
371 2420 408 2450 ad
436 2420 528 2451 Brut.
552 2431 605 2461 cp.
634 2430 671 2458 1,
694 2418 726 2450 ἃ
751 2419 836 2450 Phil.
859 2418 899 2458 8,
918 2428 949 2451 2.
975 2417 996 2460 ξ
1023 2416 1260 2449 >LXV11.D'10.
1287 2418 1358 2448 (lic.
1383 2416 1466 2448 Phil.
1489 2415 1506 2446 S
1524 2441 1531 2450 ,
1557 2426 1590 2450 2,

321 2466 349 2495 e<
382 2464 536 2497 familiar.
566 2474 617 2496 ιε.
647 2463 791 2507 Appiam.
819 2464 959 2497 sueton.
981 2463 1014 2493 in
1037 2461 1123 2505 Aug.
1149 2473 1177 2494 c.
1208 2462 1260 2501 34.
1285 2462 1306 2507 §
1331 2461 1490 2496 XXVIII.
1517 2460 1590 2493 Cic.

324 2509 407 2543 Phil.
439 2520 470 2543 ιι
488 2534 497 2549 ,
523 2512 553 2541 ί».
583 2519 639 2552 12,
666 2514 705 2543 o„
733 2507 764 2542 ὅ(
790 2508 945 2543 familiar.
969 2517 1024 2549 ιο,
1049 2506 1079 2540 8.
1103 2506 1251 2551 Appiam.
