1685 3042
105 231 192 280 ΞΟ.
207 230 293 277 FR.
320 228 476 275 SUPP.
493 227 558 274 ΙΝ
574 225 720 273 LOC.
738 228 773 273 L
785 261 795 273 .
813 227 1026 275 CXXVI.
1044 228 1158 274 LIV.
1229 243 1282 292 32
1296 232 1322 280 ἰ,

34 344 96 376 tus
138 338 239 376 enim
275 335 322 375 ab
351 335 435 383 his,
475 335 526 373 uti
560 333 693 373 curiam
716 334 821 385 fitam
850 335 1042 386 speclaret,
1077 335 1143 374 ubi
1178 334 1324 386 specia-

31 400 113 448 vit‚
140 398 418 449 quaerentibus,
443 396 640 449 qualisnam
661 411 700 434 ea
727 396 931 435 videretur?
962 398 1122 449 Angusta
1138 427 1150 445 ,
1171 398 1320 448 inquit,

31 461 236 513 &ruinofiu
272 460 369 508 Ergo
392 460 428 496 ἃ
456 455 701 495 Athenienses
727 455 834 494 solita
861 457 1028 495 vanitate
1056 459 1264 497 retulerunt
1283 459 1323 497 ei

33 522 220 571 gratiam,
248 518 436 557 initiando
465 516 647 566 mysteriis
677 515 775 564 suis,
801 515 1026 554 honorando
1052 516 1201 563 statuis,
1231 529 1322 558 cum

35 581 173 630 injuria
194 572 363 618 veterum
389 590 547 627 regum,
573 589 593 615 a
621 577 758 626 quibus
787 579 951 625 majores
974 587 1106 615 eorum
1131 578 1324 628 inlignirer

35 642 160 691 adjuti
195 641 366 690 cultique
393 639 555 677 fuerant.
592 651 683 676 nam
719 639 753 676 Sc
781 637 894 677 Attali
919 637 1172 688 Eumenisque
1204 638 1328 678 colos.

38 704 98 744 sos
129 703 284 743 Antonii
318 701 477 740 nomine
506 698 789 750 inscripserunt.

95 770 144 810 II.
175 767 379 808 Dimensus
405 767 546 806 deinde
574 765 697 815 Pythii
731 766 894 814 fanum,
930 766 978 806 de
1005 769 1114 816 cujus
1145 767 1328 808 instaura·

42 832 150 871 tione
175 832 224 870 ad
250 831 424 870 senatum
451 827 761 879 perscripserant,
786 827 980 878 Lucioque
1007 828 1214 868 Censorino
1231 829 1333 869 Grae·

42 894 110 931 ciae
149 891 374 941 praeposito,
409 890 448 928 in
484 889 606 928 Asiam
648 889 817 934 transiit,
850 890 928 938 jam
961 889 1128 929 cessante
1156 890 1329 940 periculo

38 955 246 996 remiffior,
284 955 319 992 Sc
356 953 405 992 ad
443 952 577 1002 prioris
603 952 692 990 vitae
731 950 933 990 mollitiem
962 951 1168 992 revolutus.
1214 952 1332 1002 Igitur

41 1015 164 1055 Graeci
192 1014 361 1061 Aliatici,
384 1014 552 1055 moribus
581 1011 642 1050 his
670 1013 838 1050 amicum
878 1025 996 1062 genus
1013 1042 1024 1061 ,
1050 1013 1238 1063 Ephesum
1270 1027 1334 1052 ve-

42 1074 475 1116 nientemcuratiffima
506 1085 646 1122 pompa
680 1082 924 1123 exceperunt.
966 1074 1119 1124 Quippe
1143 1075 1214 1112 viri
1236 1088 1335 1125 pue-

42 1137 152 1187 rique
177 1136 397 1186 Satyrorum
423 1147 467 1173 ac
492 1134 635 1173 Panum
661 1132 816 1181 habitu,
845 1134 998 1173 feminae
1022 1134 1192 1174 Bacchas
1222 1135 1335 1174 simu-

42 1197 189 1245 lantes,
217 1197 457 1235 deduxerunt
474 1207 563 1233 eum
578 1225 589 1243 ,
607 1194 699 1233 urbe
718 1203 800 1234 tota
821 1195 1046 1245 personante
1066 1197 1167 1236 tibiis
1183 1200 1219 1237 δε
1234 1198 1337 1236 fistu-

42 1259 113 1308 lis,
139 1257 346 1309 paffimque
374 1257 508 1307 thyrsis
541 1265 654 1306 atque
688 1256 830 1297 hedera
866 1258 1022 1297 obtutui
1056 1259 1092 1298 se
1125 1261 1331 1311 ingerenti-

43 1322 130 1363 bus.
171 1321 232 1361 Sic
260 1320 444 1359 incedens
479 1317 544 1357 ille
571 1319 672 1356 Liber
695 1320 806 1357 Pater
830 1318 1082 1365 salutabatur,
1109 1322 1249 1374 benigni
1272 1330 1333 1360 at-

47 1396 124 1433 que
143 1382 265 1420 blandi
296 1381 429 1419 addito
455 1387 730 1429 cognomentO.
774 1379 900 1418 Prima
926 1391 1016 1419 cura
1040 1381 1114 1420 fuit
1145 1382 1336 1422 reddendi

43 1445 176 1485 Dianae
208 1444 412 1482 sacrificii:
443 1455 519 1492 quo
556 1439 760 1490 magnifice
791 1443 968 1491 peraeto,
997 1442 1186 1494 supplices
1223 1444 1337 1493 Deae,

47 1507 114 1557 qui
145 1506 193 1545 ad
235 1506 275 1544 id
313 1503 459 1555 asylum
488 1516 511 1542 e
537 1503 647 1542 vietis
678 1503 850 1553 partibus
883 1506 1159 1556 confugerant,
1197 1506 1339 1545 dimifit

47 1567 291 1615 incolumes,
318 1566 472 1605 duobus
502 1565 690 1614 excepti8‚
717 1578 878 1614 quorum
901 1565 996 1605 alter
1022 1568 1134 1606 caedis
1162 1567 1340 1619 Caesaria-

49 1644 108 1670 nae
138 1631 265 1669 fuerat
298 1628 499 1675 conscius,
529 1626 622 1666 alter
660 1626 902 1668 Dolabellam
932 1630 1054 1670 Caffio
1090 1632 1340 1681 prodiderat;

50 1692 234 1742 vetusque
253 1691 416 1741 spatium
437 1689 528 1740 asyli
550 1689 784 1739 duplicavit,
804 1702 1025 1743 partemque
1050 1694 1152 1732 urbis
1181 1695 1340 1744 adjecit.

107 1760 184 1801 III.¹
209 1761 302 1800 Inde
324 1759 468 1799 vocatis
482 1759 523 1797 in
545 1758 746 1798 confilium
776 1759 929 1811 legatis,
956 1764 1019 1812 qui
1042 1776 1088 1802 ex
1113 1763 1194 1803 Afia
1210 1763 1337 1814 Ephe⁴

54 1823 139 1863 sum
181 1830 472 1869 concurrerant,
507 1823 618 1860 decem
650 1837 821 1861 armorum
859 1825 1013 1872 tributa,
1040 1838 1124 1878 quot
1157 1825 1268 1876 Caffio
1295 1840 1338 1864 ac

55 1887 165 1924 Bruto
192 1886 284 1923 intra
311 1886 483 1922 biennium
511 1885 698 1931 dederant,
725 1899 844 1922 annua
871 1886 928 1923 die
956 1889 1141 1938 pendenda
1169 1890 1341 1937 impera-

53 1947 121 1987 vit.
159 1959 250 1985 mox
279 1945 601 1996 deprecantibus,
627 1945 953 1997 allegantibusque
994 1949 1240 1999 neceffitatem,
1269 1962 1340 2001 qua

55 2011 165 2050 coaffli
196 2011 360 2063 dediffenz
396 2003 652 2062 porentioribus
695 2011 837 2060 omnia,
875 2011 1058 2052 hactenus
1105 2013 1267 2059 remisit,
1301 2023 1342 2050 ut

60 2086 182 2111 novem
209 2086 379 2110 annorum
417 2072 547 2109 tributa
578 2086 699 2109 annua
732 2073 823 2111 bima
852 2075 907 2112 die
937 2077 1137 2127 penderent.
1170 2075 1341 2126 Regibus

66 2135 183 2173 etiam
210 2135 245 2173 ἅ
273 2133 494 2172 civitatibus
527 2132 659 2174 liberis
675 2165 687 2183 ,
713 2141 758 2173 ut
784 2135 940 2185 quisque
965 2136 1159 2176 abundare
1185 2137 1344 2176 videba-

59 2199 146 2243 tur,
175 2195 360 2246 imperata
390 2194 442 2233 est
466 2196 642 2244 pecunia.
680 2195 782 2234 Huic
806 2196 1003 2246 exigendae
1029 2198 1223 2247 praefecit,
1247 2209 1343 2247 quos

63 2255 210 2302 voluit,
235 2266 277 2294 ut
307 2253 500 2294 interdum
535 2268 613 2293 non
638 2265 719 2294 tam
747 2257 927 2296 acerbum
950 2258 1141 2297 videretur
1173 2260 1345 2309 pendere

64 2315 223 2356 omnino
252 2316 416 2364 tributa,
443 2328 558 2366 quam
591 2315 650 2355 his
673 2315 894 2357 hominibus
915 2320 1094 2369 pendere.
1115 2320 1214 2359 Nam
1242 2321 1276 2361 8<
1294 2321 1350 2358 ci·-

65 2377 291 2416 tharoedum
325 2378 518 2428 quendam
548 2378 803 2419 Alexanorem
841 2380 1062 2432 Magnetem
1092 2391 1253 2432 quatuor
1285 2394 1347 2420 ur.

115 2497 138 2542 §
162 2498 191 2530 ἶ.
212 2498 333 2542 Vellei.
356 2510 373 2531 2
391 2509 473 2546 2‘7*
499 2499 589 2531 Plut.
610 2499 646 2532 in
668 2500 756 2546 Aug.
779 2511 808 2534 c.
832 2510 887 2545 39.
915 2500 1060 2544 Appian.
1084 2499 1106 2544 5
1133 2500 1176 2533 11.
1196 2502 1348 2547 Appiam

141 2567 194 2615 T.
213 2568 330 2618 Livii
363 2571 464 2616 Vol.
491 2570 585 2618 XI.
1082 2567 1130 2613 X
