1685 3042
275 257 331 303 54
405 238 501 288 JO.
541 230 1464 282 FRE1N8.HEM115UPPLEM.·

269 346 490 385 contrat‘lum.
525 344 598 381 Sed
627 343 910 395 quemadmodum
949 339 1017 392 ipsi
1045 338 1179 391 liquido
1208 336 1373 385 cernitis,
1396 349 1485 389 pars
1519 335 1559 373 ir»

262 409 402 462 sumtus
422 406 583 445 bellorum
609 415 751 456 erogata
764 432 775 451 ‚
795 401 960 454 reliquum
981 402 1032 438 ad
1051 414 1117 437 vos
1135 406 1342 452 reportatum
1367 398 1436 449 est,·
1451 408 1489 435 ut
1506 396 1556 434 ad

270 474 338 506 vos
360 468 473 505 omnis
495 465 603 520 hujus
629 464 811 517 opulentiae
824 462 980 514 fruetus,
1005 462 1054 499 ad
1075 474 1125 500 me
1145 458 1261 512 fidum
1286 457 1452 510 exigendi
1467 470 1560 495 acer.

273 527 371 565 bitas
401 525 595 568 &invidia
628 523 826 578 perveniret.
860 523 920 560 Sic
950 522 1039 564 enim
1065 520 1219 572 locuples
1242 519 1342 572 sabla
1368 517 1562 571 respublica}

275 589 481 641 dignitatem
515 588 659 640 vestram
693 586 835 638 opesque
867 584 1022 637 praeflare
1055 593 1150 624 tutas
1179 581 1312 632 potest,
1335 580 1475 631 quando
1502 591 1563 615 nec

276 651 453 704 imperium
468 652 546 703 fine
571 648 764 694 militibus,
786 660 891 698 neque
918 644 1046 683 milites
1069 645 1146 694 fine
1163 642 1336 694 stipendio
1362 641 1560 682 retinentur„

281 712 387 763 Absit
411 723 547 757 tamen,
580 720 618 747 ut
651 707 814 759 cuiquam
847 705 1002 757 molestus
1019 704 1086 754 sim
1115 702 1268 755 pecuniae
1301 702 1422 754 confit.
1459 713 1565 752 neque

279 773 467 825 vebligalia
495 785 587 810 nova
618 770 850 822 constituam<
874 765 1045 805 veteribus
1072 774 1254 801 contentus
1273 776 1340 801 eto.
1367 761 1564 814 semperque

276 835 400 893 potius
425 849 463 873 eo
490 833 718 885 cogitationes
745 829 910 882 curasque
947 840 1039 866 meas
1066 824 1262 877 conferam,
1285 824 1570 877 quemadmodum

284 912 353 937 vos
373 898 497 948 opibus
523 894 772 947 honoribusque
798 904 944 945 augeam
959 919 972 938 ,
1002 901 1106 941 quam
1127 887 1408 940 quemadmodum
1435 884 1574 937 aliquid

289 961 454 999 abrodam
477 960 517 996 de
543 956 775 1010 praesentibus.

344 1028 416 1069 XI.
441 1027 551 1077 Apud
573 1024 760 1076 populum
783 1021 925 1061 deinde
948 1019 1082 1060 fimilia
1098 1031 1187 1058 cum
1213 1016 1452 1063 disseruisset,
1470 1015 1575 1054 mul·

288 1100 373 1136 tum
407 1090 562 1140 quidem
587 1087 761 1126 exstinxit
787 1086 835 1126 de
863 1085 989 1135 priore
1014 1082 1216 1121 hominum
1246 1093 1362 1121 cura:
1387 1078 1576 1118 fiduciam

291 1153 460 1193 excitare
476 1165 552 1190 non
571 1150 717 1202 potuit,
743 1147 962 1199 priusquam
979 1145 1091 1188 rebus
1116 1144 1201 1194 ipfis
1222 1141 1474 1192 comprobata
1491 1154 1577 1191 pro-

288 1215 398 1255 miss‘a
430 1212 617 1255 vidissent.
647 1211 749 1250 Inter
775 1209 857 1248 haec
880 1218 1065 1259 apparatu
1094 1208 1220 1253 faclo,
1253 1204 1404 1254 qualem
1432 1204 1578 1253 magni.

296 1279 394 1333 tudo
412 1289 538 1316 rerum
569 1275 756 1327 gestarum
781 1272 984 1321 excusare,
1009 1284 1102 1322 opes
1124 1268 1299 1320 imperii,
1316 1267 1426 1306 unius
1441 1267 1479 1304 in
1501 1279 1580 1305 ma-

298 1355 394 1382 num
424 1341 610 1386 redacta
632 1338 710 1389 pati
741 1324 972 1388 potuerunt,
1001 1343 1164 1385 quatuor
1203 1329 1407 1380 triumphis
1448 1328 1582 1367 urbem

295 1404 484 1456 ingreffus
499 1404 570 1451 est,
585 1403 725 1442 eodem
746 1399 899 1445 mense,
922 1398 987 1437 sed
1006 1396 1213 1445 interjeffls
1236 1394 1382 1433 diebus.
1409 1392 1582 1432 Primum

300 1470 338 1506 &
360 1464 719 1507 excellentiffimum
738 1463 817 1512 egit
838 1461 887 1500 de
910 1458 1027 1500 Gallis
1042 1488 1054 1507 ,
1078 1470 1240 1507 quorum
1260 1455 1398 1495 multas
1416 1453 1585 1504 magnas-

301 1542 374 1580 que
390 1528 562 1567 nationes
578 1525 795 1575 subegerat,
810 1524 920 1571 cujus
935 1531 1128 1574 apparatus
1141 1519 1247 1572 fuiffi
1262 1518 1420 1557 traditur
1435 1532 1478 1554 ex
1491 1517 1587 1555 citro.

302 1590 461 1632 Rhenus
477 1590 532 1629 ibi
555 1587 748 1629 traduems
765 1585 817 1624 est
830 1615 840 1632 ,
858 1580 1141 1631 Rhodanusque
1155 1611 1165 1628 ‚
1183 1583 1217 1620 ἃ
1239 1593 1288 1620 ex
1303 1592 1394 1618 auro
1414 1579 1588 1628 captivus

305 1653 495 1693 Oceanus.
534 1651 674 1701 Ingens
702 1646 914 1687 multitudo
940 1643 1131 1683 nobilium
1162 1642 1404 1692 captivorum
1432 1651 1586 1684 currum

305 1714 526 1764 antecellit,
555 1715 589 1753 ἃ
615 1714 824 1762 imperator
850 1707 1045 1758 quondam
1071 1705 1245 1744 omnium
1265 1702 1567 1751 Vercingetorix.

363 1786 454 1827 XII.
470 1786 516 1826 Et
534 1784 598 1823 hic
622 1782 796 1834 quidem,
816 1781 900 1819 aeto
921 1776 1136 1827 triumpho,
1158 1787 1247 1820 cum
1265 1772 1347 1813 aliis
1364 1770 1592 1823 quibusdam

307 1858 467 1889 necatus
500 1847 563 1886 est.
600 1847 676 1887 Sed
704 1846 786 1893 ejus
819 1842 893 1881 diei
932 1840 1102 1879 laetitiam
1132 1835 1378 1887 interpolavit
1411 1833 1516 1873 casus
1550 1834 1592 1874 in

308 1924 426 1951 omen
451 1912 592 1949 traetus
618 1922 639 1947 a
673 1905 872 1958 plerisque.
903 1900 1181 1944 Praeterve-hens
1206 1899 1310 1938 enim
1335 1896 1510 1936 Fortunae
1537 1894 1594 1934 fa-

309 1985 407 2012 num
420 2002 431 2020 ,
453 1971 558 2021 quod
582 1972 623 2009 in
644 1967 809 2008 Velabro
827 1964 1006 2005 Lucullus
1025 1961 1297 2005 aedificaverat,
1313 1971 1385 1998 axe
1402 1956 1596 2005 diffradtm

311 2046 421 2084 paene
446 2045 556 2071 curru
577 2028 750 2071 excussus
776 2027 853 2067 est:
879 2028 912 2066 &a
934 2026 1025 2065 dum
1050 2024 1146 2063 alius
1169 2031 1371 2073 apparatur
1393 2019 1596 2066 atquead-

313 2096 488 2143 ducitur,
520 2093 664 2133 obortae
687 2091 773 2131 sunt
805 2088 981 2129 tenebrae.
1014 2086 1260 2135 ascenditque
1292 2084 1332 2121 in
1359 2080 1595 2131 Capitolium

313 2158 364 2202 ad
389 2156 533 2196 lumina
546 2187 557 2203 ,
576 2154 827 2206 quadraginta
847 2150 1060 2203 elephantis
1092 2149 1224 2188 dextra
1243 2145 1412 2195 laevaque
1434 2144 1597 2196 lychnu-

314 2219 409 2258 chos
429 2216 671 2269 gestantibus.
688 2214 808 2256 Caesar
827 2214 987 2265 genibus
1010 2224 1076 2262 per
1094 2210 1232 2261 gradus
1253 2207 1438 2258 Capitolii
1458 2206 1596 2257 repfit;

317 2293 551 2332 quamquam
574 2281 609 2319 δε
633 2278 713 2329 ipse
735 2280 812 2326 Jam
834 2277 944 2315 staret
959 2277 1056 2314 inter
1078 2271 1298 2323 Capitolina
1321 2269 1499 2316 numina,
1517 2280 1600 2306 cur.

316 2354 478 2394 rumque
501 2340 588 2388 Jovi
612 2338 852 2390 oppositum,
880 2338 916 2377 δε
936 2335 1093 2375 titulum
1118 2332 1274 2372 haberet
1293 2330 1452 2369 homine
1478 2330 1598 2378 majo-

367 2479 388 2521 §
414 2478 474 2510 XI.
503 2476 605 2509 Oros.
631 2477 670 2516 6,
699 2475 749 2507 16.
773 2476 915 2508 Sueton.
942 2473 978 2508 'in
1008 2470 1095 2507 Caes.
1118 2481 1147 2504 c.
1175 2479 1231 2515 37.
1261 2468 1411 2513 Appian.
1441 2464 1540 2500 civ-il.
1568 2464 1594 2500 1.

316 2534 351 2562 a,
380 2521 502 2566 Velie}
533 2534 578 2566 2,
604 2519 668 2565 56,
691 2520 780 2555 nox.
804 2531 847 2563 4,
875 2530 908 2554 2e
