1685 3042
263 227 1121 286 INLOC.L1B.CX111L1V.
1285 258 1340 310 17.

65 338 102 378 ἃ
126 334 195 376 alla
220 335 295 375 hoc
328 349 470 387 genus,
502 345 682 386 tanquam
713 350 735 375 a
757 338 974 380 volentibus
1003 340 1253 398 oflerebatur,
1280 351 1337 391 in.

65 410 196 451 gentes
225 400 388 438 summas
420 400 545 437 mutui
572 400 729 438 nomine
762 403 972 453 congeffi-t,
1006 418 1095 446 cum
1126 422 1250 461 neque
1275 427 1342 453 ne.

66 473 153 511 gare
188 460 383 510 quisquam
415 460 598 506 auderet,
631 473 702 499 nec
734 462 814 512 ipse
844 465 893 502 de
919 466 1150 508 restituenda
1177 474 1344 523 cogitare

64 531 270 572 putaretur.
295 522 368 561 Sed
385 535 472 572 ego,
496 521 648 561 Caesaris
671 534 805 563 natura
823 525 1043 577 diligentius
1059 531 1244 581 expensa,
1264 548 1344 576 non

64 581 266 628 dubitem,
290 582 529 620 redditurum
556 583 716 622 omnino
745 595 834 624 cum
868 585 946 624 fide
979 587 1110 638 fuisse,
1146 591 1169 630 fi
1202 593 1343 634 diutius

60 642 136 681 frui
163 645 238 682 vita
268 643 460 693 potuisset.

115 705 218 745 XLI.
256 707 338 745 Nec
367 707 471 745 enim
505 707 543 745 in
574 708 688 748 tantis
718 708 867 760 imperii
899 712 1036 762 opibus
1067 715 1214 764 deeffe,
1240 721 1347 759 unde

61 775 354 816 quantacunque
380 767 510 806 debita
545 769 774 819 quandoque
806 783 1136 824 expungerentur,
1167 788 1344 829 poterat;

63 826 203 878 &ipse
231 827 360 866 solitus
401 830 531 867 omnia
575 831 687 870 famae
720 831 924 883 studiisque
951 834 1151 878 hominurn
1188 842 1349 892 postpo-

61 901 177 936 nere,
211 889 277 927 ubi
306 889 549 939 praesentium
573 901 789 942 temporum
813 895 998 945 angustias
1021 897 1111 937 effet
1138 899 1346 954 eluctatus,

64 950 115 989 ob
144 951 347 1000 pecuniam
376 953 550 1001 profecto
579 955 750 994 amittere
774 955 839 994 ista
863 956 1051 998 noluiffet.
1081 961 1259 1002 Habebat
1282 979 1347 1004 au.

61 1019 139 1051 tem
157 1016 238 1061 ejus
262 1013 314 1051 rei
334 1013 438 1052 hunc
461 1013 663 1055 obtentum
679 1049 690 1066 ,
708 1026 749 1056 ut
769 1020 819 1056 ad
832 1019 921 1057 hanc
944 1022 1161 1071 neceffi'tatem
1184 1028 1347 1078 reipubli-

59 1087 108 1112 cae
135 1075 340 1126 temporibus
366 1077 524 1112 adustum
552 1077 722 1125 diceret,
749 1080 849 1131 cujus
872 1082 1023 1120 utilitati
1039 1083 1236 1135 fhcultates
1253 1091 1348 1141 suas

59 1150 172 1175 ornnes
194 1136 345 1189 impendi
375 1150 417 1176 et.
444 1138 502 1177 Ne
518 1146 646 1177 tamen
672 1141 721 1179 ad
744 1141 1047 1192 desperationem
1073 1148 1243 1197 adigeret
1266 1165 1349 1191 eree

65 1198 232 1246 ditores,
260 1211 377 1238 novas
414 1199 562 1239 tabulas
597 1210 750 1250 petente
781 1204 916 1253 plebe,
939 1208 1152 1249 constanter
1184 1213 1346 1265 abnuit,

51 1260 93 1312 fi
111 1274 242 1312 quoque
263 1262 443 1311 obaeratum
460 1261 521 1313 eff}
537 1262 715 1303 dictitans
733 1277 741 1303 :
766 1265 942 1317 juffitque
965 1283 1155 1310 contentum
1177 1275 1243 1326 effi
1266 1279 1344 1326 his,

59 1336 134 1375 quae
153 1323 254 1375 prius
279 1323 316 1360 in
345 1338 386 1360 ea
416 1324 522 1376 cauſsa
536 1325 716 1377 stacuff’t.

114 1381 236 1423 XLII.
268 1382 364 1426 Inde
397 1384 611 1435 proscripfit
647 1386 747 1425 bona
773 1389 1033 1437 judicatorum
1062 1392 1224 1436 hostium
1245 1428 1257 1446 ,
1281 1397 1347 1439 ha*

59 1445 114 1485 sta
145 1458 216 1495 pro
249 1446 331 1484 aede
362 1445 468 1494 Jovis
496 1448 639 1498 pofita:
676 1451 713 1490 Sc
744 1462 833 1490 curn
863 1465 906 1492 ea
939 1458 1077 1506 cupide
1101 1469 1201 1498 emta
1227 1461 1346 1501 essent

59 1521 82 1547 a
111 1507 362 1557 quibusdam,
391 1509 470 1559 qui·
493 1523 691 1561 nunquam
726 1513 808 1552 fore
843 1516 1052 1567 putabant,
1083 1530 1125 1558 ut
1151 1536 1170 1560 a
1198 1523 1236 1562 se
1261 1526 1344 1564 exi⁴

60 1581 211 1623 geretur
227 1602 238 1617 ,
262 1572 425 1622 ideoque
460 1574 586 1614 mInus
609 1575 759 1615 fuerant
781 1576 956 1628 solliciti,
986 1585 1116 1631 quanti
1146 1584 1343 1627 licitaren-

60 1642 145 1682 tur,
185 1633 281 1673 nihil
311 1635 490 1684 cuiquam
522 1638 674 1678 remifit.
714 1640 816 1680 Inter
851 1655 946 1692 quos
980 1646 1016 1685 ἀ
1046 1647 1102 1687 Μ.
1127 1650 1341 1699 Antonius,

65 1696 127 1734 Cn.
157 1695 319 1748 Pompeji
349 1695 485 1748 Magni
505 1700 644 1751 seffor,
672 1713 760 1740 curn
792 1704 887 1742 tanti
914 1706 984 1745 viri
1011 1709 1184 1758 copiosas
1221 1712 1343 1752 facul‘

60 1763 157 1796 tates
189 1757 291 1796 brevi
319 1758 581 1809 dilapidasset,
606 1763 820 1813 appellatus
847 1767 907 1805 est.
941 1770 1052 1808 Hanc
1075 1771 1235 1826 offensam
1255 1787 1344 1815 caua

61 1819 133 1858 sari
167 1820 351 1870 deinceps
376 1821 506 1862 solitus
536 1823 588 1862 est
611 1825 821 1875 Antonius,
853 1844 928 1868 cum
957 1832 1120 1884 Caefizrem
1150 1838 1201 1873 ad
1223 1837 1348 1878 bellum

58 1880 270 1934 Africanum
293 1896 361 1919 non
383 1885 601 1936 sequeretur:
646 1889 729 1940 quia
746 1891 818 1939 sthi
835 1903 901 1944 pro
926 1895 1053 1931 meritis
1077 1898 1250 1948 prioribus
1275 1914 1345 1939 non

51 1943 174 1996 finff'et
199 1945 320 1996 gratia
341 1946 487 1984 reddita.

118 2006 259 2047 XLIII.
289 2007 484 2048 Ceterum
522 2010 657 2050 Caefari
693 2026 773 2053 non
809 2015 1014 2057 defuerunt
1045 2028 1164 2070 artes,
1194 2023 1231 2062 &c
1260 2024 1349 2074 ple-

6 2114 10 2115 ⁷
62 2069 175 2118 bern,
209 2071 243 2109 &
269 2068 392 2109 socios
424 2073 588 2113 vietoriae
621 2074 704 2114 aliis
734 2078 943 2117 rationibus
975 2082 1221 2124 conciliandi.
1265 2086 1347 2126 Ple.

61 2130 154 2170 bem
171 2161 181 2179 ,
207 2141 340 2181 praeter
368 2132 545 2173 ludorum
576 2135 814 2187 voluptates,
836 2141 993 2180 remissis
1021 2156 1041 2181 a
1068 2154 1239 2196 tempore
1267 2159 1347 2186 coe-

61 2193 119 2243 pti
154 2192 245 2232 belli
274 2194 418 2243 usuris,
459 2198 494 2235 &
536 2196 819 2240 habitationum
858 2205 1102 2245 commodo:
1146 2208 1207 2256 qui
1240 2211 1343 2249 enim

65 2255 215 2294 duobus
246 2255 417 2297 millibus
457 2261 658 2299 nummum
691 2264 900 2303 condut‘tas
937 2265 1192 2308 habitationes
1228 2269 1343 2310 habe-

63 2326 172 2363 rent,
197 2318 239 2357 iis
271 2317 404 2359 Romae
432 2323 548 2360 unius
573 2325 663 2362 anni
693 2328 907 2366 mercedem
925 2359 936 2375 ,
962 2330 999 2368 in
1024 2330 1132 2370 Italia
1157 2335 1349 2382 quadran-s

66 2384 143 2417 tem
169 2382 251 2429 ejus
278 2383 529 2431 condonavit,
555 2397 631 2435 quo
658 2389 845 2429 tenuiores
868 2390 1163 2435 sublevarentur.
1190 2407 1342 2447 praetera

113 2495 134 2537 ,Ε
160 2496 230 2530 XL.
257 2497 337 2532 Dio.
362 2501 383 2543 5
408 2501 496 2543 XLI,
527 2505 669 2542 Sueton.
693 2507 730 2540 in
752 2508 836 2543 Caes.
861 2521 891 2545 c.
914 2522 970 2553 42.
993 2510 1070 2544 Dio.
1096 2512 1116 2556 5
1137 2513 1240 2547 XLII.
1271 2515 1343 2550 cic.

71 2538 155 2573 Phil.
182 2552 221 2578 2,
247 2544 298 2575 28.
322 2544 402 2577 Dio.
427 2546 515 2580 Plue.

136 2589 188 2637 T,
215 2590 306 2638 Liv.
333 2595 427 2640 Vol.
455 2595 547 2640 XI.
1071 2600 1105 2645 B
