1685 3042
297 170 390 232 336
464 161 1488 212 JO.FRE1NSHEM115UPPLEM:

293 273 474 313 evaserat.
524 271 583 310 lbi
619 270 754 310 frustra
794 268 979 321 professus
1020 268 1279 320 patrocinium
1321 266 1479 317 eorum,
1511 271 1580 320 qui

287 351 399 389 agros
429 337 635 377 amiserant
659 337 703 376 in
733 336 968 387 Campania,
998 334 1123 374 servos
1151 329 1270 373 etia'm
1297 346 1437 373 vocare
1465 341 1581 373 conaz

285 408 350 441 tus
371 401 421 440 ad
451 399 616 451 pileum,
644 399 812 438 adventu
845 397 999 438 Caesaris
1035 397 1076 436 in
1107 395 1277 436 Siciliam
1306 395 1418 446 fugit.

353 469 545 510 XXXIV.
575 468 619 509 In
652 481 696 507 ea
725 467 985 517 trepidatione
1014 465 1219 520 Tiberius,
1251 464 1315 514 qui
1343 463 1427 514 post
1461 463 1582 514 impe.

289 532 416 579 ravit,
437 539 520 570 tum
543 530 606 569 vix
629 528 818 576 bimulus,
843 540 951 578 paene
975 526 1105 577 vagitu
1132 525 1199 565 suo
1225 533 1427 576 parentum
1446 525 1584 576 fugam

289 593 489 645 prodidit,
520 604 609 631 cum
639 592 689 630 ad
718 590 922 629 vitandum
947 589 1147 628 occursum
1179 587 1496 636 militis,‘matris
1523 586 1584 626 Li-

288 657 361 697 viae
385 656 487 704 finu,
519 657 555 694 Sc
580 653 739 704 quidem
777 652 967 702 gmvidae,
1005 664 1083 691 uno
1117 659 1269 689 tantum
1303 662 1372 699 per
1403 650 1585 688 itinerum

292 718 405 757 devia
432 716 643 755 comitante
677 713 889 764 profugos,
922 714 971 752 ad
1005 713 1203 762 navigium
1236 712 1468 761 deportatur.
1500 711 1588 750 Nec

295 781 364 818 diu
393 788 547 816 manere
571 776 673 826 apud
698 776 927 825 PompeJ'um
950 775 1102 823 juvenis
1126 772 1309 824 superbus
1341 773 1486 824 potuit,
1508 775 1591 811 non

290 841 419 880 statim
447 838 486 876 in
521 836 772 888 conspectum
801 839 884 886 ejus
911 835 1094 875 admissus
1113 867 1125 882 ,
1165 837 1201 875 δε
1237 848 1332 890 mox
1366 832 1587 884 prohibitus

292 900 485 946 fascibus,
527 911 624 949 quos
657 899 756 939 ultra
795 899 1014 949 legitimum
1049 907 1203 948 tempus
1224 891 1441 936 *fetinebac
1471 895 1590 945 Igitur

293 963 344 1001 ad
387 963 599 1001 Antonium
635 961 902 1012 profecturus,
935 961 974 998 in
998 958 1183 1008 Achajam
1221 957 1444 1003 transmisit,
1480 960 1593 995 comi·

293 1024 569 1072 mendavitque
595 1022 682 1060 suos
715 1023 1015 1062 Lacedaemoniis
1054 1021 1231 1073 publice,
1266 1021 1374 1071 quod
1407 1020 1447 1057 in
1466 1017 1590 1057 tutela

297 1086 550 1127 Claudiorum
576 1097 620 1123 ea
640 1084 774 1123 civitas
800 1092 893 1122 erat.
923 1082 998 1122 Sed
1021 1081 1113 1120 inde
1137 1082 1414 1131 digredientem
1441 1082 1594 1120 noctur-

297 1161 351 1187 no
383 1148 547 1195 itinere,
586 1146 744 1184 flamma
780 1151 936 1193 repente
972 1151 1103 1181 exorta
1139 1155 1163 1180 e
1202 1141 1329 1188 silvis,
1359 1153 1448 1180 cum
1484 1141 1594 1180 omni

299 1212 488 1249 comitatu
509 1210 562 1247 ita
594 1207 875 1253 circumdedit,
907 1215 951 1244 ut
974 1206 1089 1245 Liviae
1113 1205 1223 1244 vestis
1251 1207 1286 1245 ἃ
1308 1218 1429 1243 comae
1461 1203 1596 1243 ambu—

299 1278 488 1311 rerentur.
512 1271 611 1308 inter
634 1269 765 1319 fugam
783 1268 947 1308 Neronis
973 1282 992 1308 a
1019 1267 1207 1317 Neapoli,
1236 1268 1278 1306 C.
1295 1266 1460 1315 Vellejus
1475 1296 1486 1314 ,
1502 1278 1595 1305 avus

300 1333 492 1381 historici,
518 1332 585 1381 qui
614 1340 702 1370 ante
725 1331 852 1376 Bruti,
883 1343 976 1369 mox
1008 1331 1172 1370 Neronis
1210 1330 1408 1381 praefeetffs
1442 1330 1599 1369 fabrum

303 1398 454 1442 fuerat,
481 1393 601 1433 senile
627 1406 787 1444 corpus,
814 1394 919 1443 quod
944 1394 1121 1433 comitari
1147 1394 1334 1433 abeuntes
1371 1393 1593 1444 cupientem

302 1456 503 1503 tardabat,
535 1454 662 1505 gladio
699 1454 940 1504 transadegit.

375 1524 546 1565 XXXV.
587 1523 687 1563 Tota
716 1526 795 1572 jam
830 1523 941 1562 ltalia
973 1522 1127 1562 Caesaris
1158 1534 1257 1562 erat:
1284 1524 1396 1573 igitur
1423 1523 1603 1574 proxima

309 1589 346 1627 ei
372 1599 463 1625 cura
494 1586 568 1624 fuit
607 1586 922 1636 occupandarum
956 1585 1173 1635 legionum,
1214 1599 1297 1635 quae
1335 1584 1401 1625 sub
1438 1584 1600 1634 Alpibus

307 1650 463 1698 multae,
481 1649 626 1689 Caleno
643 1649 895 1696 duce,cast1a
919 1648 1136 1691 habebant,
1160 1649 1423 1699 ur‚s1qnidem
1448 1649 1485 1686 in
1509 1649 1603 1686 ami·

309 1713 399 1752 citia
413 1721 585 1750 maneret
604 1712 814 1760 Antonius,
832 1711 889 1749 illi
920 1710 1175 1759 servarentur,
1194 1711 1245 1749 fin
1270 1724 1384 1759 vero,
1405 1710 1603 1750 luculenta

310 1788 397 1826 pars
426 1774 563 1814 virium
594 1772 857 1813 detraheretur
880 1774 1051 1812 inimico.
1082 1773 1359 1824 Dispicientem
1383 1773 1603 1812 occasiones

310 1839 467 1878 fortuna
490 1837 662 1886 adjuvit,
689 1837 878 1875 moriente
908 1834 976 1875 sub
1015 1835 1091 1875 hoe
1118 1846 1269 1886 tempus
1298 1836 1453 1875 Caleno.
1479 1846 1603 1885 neque
1669 1865 1673 1874 .

312 1902 458 1942 distulit
501 1900 622 1941 Caesar
655 1901 760 1940 adire
799 1899 1039 1948 exercitum3
1080 1899 1297 1950 potitusque
1333 1900 1466 1946 voto,‘
1493 1898 1602 1937 furio

313 1964 558 2004 adolescente
583 1975 649 2014 per
673 1972 820 2003 metum
854 1962 1033 2015 tradente
1056 1963 1229 2012 protinus
1259 1961 1411 2006 omnia,
1439 1959 1603 2000 Galliam

313 2025 433 2066 etiam
460 2027 493 2065 ἃ
517 2024 741 2076 Hispaniam
770 2025 970 2074 adjunxit,
1001 2037 1082 2074 quae
1111 2023 1298 2062 attributae
1330 2023 1494 2062 Antonio
1519 2012 1603 2060 fue-

316 2099 427 2127 rant:
452 2098 568 2137 atque
600 2088 652 2125 ita
684 2085 793 2126 simul
825 2086 1007 2125 undecim
1045 2085 1257 2137 legionibus
1296 2087 1330 2124 ἃ*
1367 2083 1603 2133 ampliffimis

317 2152 525 2203 provinciis
548 2151 588 2190 in
610 2151 840 2201 potestatem
870 2151 962 2189 citra
990 2150 1210 2201 sanguinem
1237 2149 1429 2199 acceptis,
1462 2148 1604 2197 ubique

318 2214 392 2253 suae
423 2213 599 2253 factionis
635 2213 837 2261 homines,
867 2213 1006 2253 amotis
1039 2212 1287 2259 Antonianis,
1314 2210 1492 2262 praefecit.
1531 2209 1609 2247 his-

319 2289 394 2327 que
425 2276 533 2326 gestis
564 2276 602 2315 in
637 2276 771 2315 urbem
801 2275 1025 2327 triumphali
1061 2275 1197 2315 habitu
1229 2276 1400 2314 invectus
1428 2272 1504 2322 est,
1537 2271 1605 2310 ubi

390 2417 414 2459 Β
439 2416 595 2450 xxxin.
622 2417 766 2460 Appian.
789 2416 871 2450 Dio.
894 2418 1038 2453 Sueten.
1063 2417 1096 2450 in
1121 2416 1200 2453 Tib.
1224 2428 1254 2451 c.
1282 2427 1316 2459 4.
1339 2414 1465 2459 Vollcj.
1491 2425 1531 2457 2,
1547 2420 1605 2458 756

327 2467 351 2515 S
376 2468 533 2507 XXXIV.
556 2469 680 2519 venel·
702 2471 845 2508 Sueten.
870 2469 951 2505 Dio.
