1685 3042
277 214 374 247 210
440 196 534 244 JO.
578 192 1073 241 FREINSHEMII
1115 190 1469 237 SUPPLEM.

278 304 388 346 hoste
422 302 603 355 oppressis
628 301 702 341 effe
727 299 824 339 solet
841 331 853 348 ‚
881 298 1077 338 conditio:
1101 309 1190 336 nam
1223 295 1277 335 illi
1305 309 1396 335 cum
1423 295 1470 334 ab
1500 306 1566 333 ex-

277 367 398 407 ternis
427 373 656 416 urgeantur,
683 362 723 400 in
748 360 826 400 fide
859 368 988 398 tamen
1013 367 1127 408 atque
1155 357 1312 396 caritate
1342 355 1567 395 domestico-

277 443 366 470 rum
398 427 667 479 acquiescunt3
690 425 756 464 hic
784 436 872 462 vero
900 435 978 460 non
1005 420 1126 459 scelus
1160 420 1280 459 modo
1306 428 1421 469 atque
1445 418 1566 458 offen-

273 492 334 531 sas
364 490 542 537 suorum,
570 487 635 526 secl
663 488 698 526 ἃ
722 481 996 534 cupiditatem,
1024 483 1083 529 ἃ,
1105 494 1153 520 ne
1169 481 1263 531 quid
1290 480 1379 519 mali
1403 479 1566 529 deefl'et,

275 555 455 594 timorem
491 550 650 602 quisque
687 546 900 586 metuebat.
924 545 1032 593 Quos
1069 543 1174 582 enim
1200 542 1306 582 nulla
1333 543 1483 592 propria
1511 543 1568 581 ira

275 614 524 662 stimulabat,
551 613 578 651 ii
602 611 666 661 spe
699 608 877 648 ostentati
911 604 1065 655 publice
1094 604 1261 654 praemii,
1289 612 1356 643 aut
1387 603 1570 654 diripien-

276 679 416 718 darum
444 687 563 726 opum
600 669 778 710 herilium
809 667 1124 717 abripiebantur:
1150 667 1344 716 optimum
1375 679 1569 717 quemque

274 748 395 788 atque
431 732 769 777 modestiffimum‚
804 729 917 767 minae
945 727 1253 767 Triumvirorum
1284 727 1565 774 absterrebant,

274 813 327 841 ne
349 811 463 849 quam
488 795 560 834 suis
582 805 698 843 opem
725 791 823 829 ferre
845 789 1078 830 sustinerent.

323 866 439 908 ‘LHL
484 862 646 912 Reliqua
676 873 769 899 vero
796 857 1008 898 multitudo
1033 866 1100 897 aut
1134 856 1384 907 investigabat
1409 855 1572 907 proscri-

274 937 387 980 ptos,
408 926 670 977 prodebatque
691 922 739 961 ad
765 933 926 969 necem3
954 928 1019 958 aut
1049 917 1286 967 occisorum,
1313 918 1473 969 direptis
1503 917 1571 957 bo-

272 993 362 1037 nis,
381 989 556 1028 diruebat
584 988 735 1025 domos.
756 983 890 1034 pauci,
915 983 980 1032 qui
1002 980 1340 1030 relinquebantur,
1368 979 1459 1019 boni
1486 992 1573 1023 pru-

275 1046 488 1096 dentesque
516 1043 665 1082 summo
698 1052 787 1078 curn
819 1038 970 1087 stupore
1001 1035 1126 1074 fatum
1155 1034 1406 1074 intuebantur
1437 1036 1570 1083 urbis;

276 1122 371 1149 cum
397 1107 489 1146 alias
513 1104 704 1148 civitates,
731 1098 957 1139 diffensione
987 1097 1131 1136 civium
1159 1096 1334 1144 afflictas,
1361 1098 1571 1137 concordia

273 1171 464 1210 restitutas
499 1165 573 1205 eise
602 1162 846 1209 didiciffent3
879 1160 979 1200 hanc
1012 1158 1226 1198 eorundem
1257 1157 1464 1197 hominum
1491 1158 1571 1198 dis-

276 1234 410 1275 cordia
442 1238 619 1270 vexatam
659 1227 757 1274 effe,
791 1224 1000 1264 concordia
1026 1223 1313 1274 propemodum
1343 1223 1461 1262 everti
1491 1235 1572 1262 cer.

274 1304 425 1338 nerent.
471 1289 703 1334 miserabilis
736 1289 842 1328 enim
873 1297 978 1334 erat,
1010 1285 1119 1336 supra
1146 1297 1262 1336 quam
1288 1284 1449 1335 cogitari
1485 1283 1574 1334 pos-

274 1361 345 1406 sit,
363 1358 503 1404 facies,
536 1357 572 1394 δε
597 1348 858 1393 νατίειῗῑηοῐῖίε
888 1351 1040 1399 imago:
1070 1361 1158 1386 cum
1187 1347 1250 1386 alii
1288 1346 1569 1397 percussoribus

275 1422 351 1462 suis
373 1425 650 1469 repugnarent,
673 1422 861 1462 tanquam
885 1409 1123 1456 latronibu33
1151 1408 1215 1447 alii
1240 1409 1407 1447 cervices
1427 1408 1570 1458 praebe-

275 1490 383 1530 rent,
403 1479 520 1531 gnari,
535 1476 722 1516 ministros
744 1474 836 1518 hos,
853 1485 931 1511 non
947 1473 1119 1510 auctores
1134 1470 1207 1509 suae
1222 1469 1449 1509 calamitatis
1470 1469 1568 1519 effe3

274 1544 416 1590 multi,
439 1554 487 1580 ne
513 1550 641 1578 tamen
674 1536 921 1574 inimicorum
957 1532 1114 1571 arbitrio
1151 1537 1412 1578 morerentur,
1440 1530 1570 1577 fame,

278 1607 444 1654 laqueo,
472 1599 683 1652 praecipitio
712 1597 748 1636 se
780 1594 1041 1642 conficerent,
1068 1601 1134 1632 aut
1158 1593 1201 1631 in
1225 1604 1363 1642 aquam
1392 1593 1570 1643 ignemve

279 1671 451 1719 jacerent
477 1675 651 1713 corpora.

339 1729 430 1770 LlV.
465 1724 576 1767 Multi
601 1735 755 1774 quoque
781 1734 848 1772 per
871 1731 1036 1760 errorem
1052 1748 1062 1766 ‚
1085 1726 1152 1757 aut
1181 1717 1325 1768 privata
1346 1717 1458 1765 odia,
1480 1728 1572 1767 prae-

278 1800 337 1832 ter
360 1798 530 1830 mentem
557 1785 865 1826 Triumvirorum
893 1780 1029 1821 occili:
1056 1791 1219 1829 quorum
1246 1778 1432 1818 cadavera
1457 1777 1573 1817 facile

282 1852 610 1906 dignoscebantur
644 1862 665 1887 a
702 1845 950 1898 proscriptis,
986 1843 1075 1893 quia
1116 1841 1416 1893 proscriptorum
1448 1842 1574 1892 capita

284 1916 540 1959 demebantur
570 1911 809 1962 deportanda
841 1909 888 1948 ad
918 1906 1124 1948 Tresviros.
1160 1905 1237 1945 Sed
1263 1907 1297 1944 ὅ(
1322 1917 1452 1943 eorum
1470 1934 1480 1952 ‚
1507 1905 1572 1954 qui

282 1981 430 2021 caedem
468 1975 685 2022 evaserant,
719 1973 813 2012 mira
847 1971 1005 2010 varietas
1038 1968 1199 2007 fortunae
1232 1966 1318 2006 fuit.
1360 1965 1572 2015 Nonnulli,
1596 1984 1610 1994 κ

283 2042 505 2096 priusquam
530 2039 705 2090 superare
728 2036 844 2074 maria
877 2034 1026 2085 poffent
1043 2063 1054 2081 ‚
1082 2031 1283 2081 naufragio
1310 2030 1452 2070 hausti:
1476 2029 1573 2070 alios

287 2108 424 2147 eadem
460 2103 571 2151 urbs,
594 2114 677 2152 quae
711 2109 792 2138 tum
824 2097 1059 2149 proscriptos
1086 2104 1200 2144 atque
1232 2093 1446 2144 fugientes,
1480 2106 1573 2132 mox

286 2169 433 2209 laetiora
467 2167 515 2206 ad
546 2174 721 2215 tempora
744 2163 908 2202 servatos
939 2163 979 2199 in
1013 2157 1290 2209 magistratibus
1315 2166 1427 2207 atque
1453 2158 1576 2206 impe-

287 2231 356 2268 riis
387 2230 496 2268 vidit.
525 2235 676 2266 tantum
712 2225 824 2263 rebus
854 2222 1030 2261 humanis
1061 2219 1322 2259 inconstantiae
1351 2219 1470 2266 inest3
1500 2230 1574 2268 qua

288 2306 369 2332 non
396 2291 515 2330 modo
541 2302 664 2340 parvae
687 2288 860 2325 civitates
888 2287 1101 2333 jaetantur:
1123 2281 1186 2321 sed
1209 2281 1274 2321 illa
1301 2283 1429 2332 regina
1455 2293 1574 2332 prope

288 2368 414 2395 rerum
440 2353 585 2400 Roma,
616 2350 753 2389 invicta
790 2348 928 2395 armis,
953 2344 1156 2385 constituta
1190 2342 1361 2394 legibus,
1393 2350 1574 2383 exornata

338 2491 362 2534 5
389 2488 476 2521 Llll.
502 2486 604 2521 Corn.
629 2486 713 2531 Nep.
740 2486 772 2520 'm
801 2484 907 2519 Attic.
931 2480 1032 2516 Oros.
1055 2484 1100 2523 6,
1134 2481 1183 2515 18.
1215 2480 1363 2524 Appiam.
