1685 3042
265 187 361 238 ‘268
426 189 520 236 JO.
556 187 1060 235 FREINSHEMII
1101 187 1459 235 SUPPLEM.¹

271 310 468 352 acceperat,
486 298 661 342 caritatem
682 311 800 337 exuere
824 313 893 337 non
915 299 960 366 est
984 295 1124 335 veritus.
1163 297 1329 349 fortaffis
1358 309 1471 335 autem
1493 310 1556 334 ve-

258 361 334 412 stra
361 374 488 413 quoque
514 375 605 399 mens
627 343 813 413 aliquando
844 360 934 398 his
921 374 958 397 tn
984 360 1079 397 rebus
1105 359 1295 412 caligavit,
1309 357 1446 412 fulgore
1465 373 1555 412 prae·

256 422 375 474 striga
405 422 593 461 bellicorum
618 436 772 474 operum,
802 436 874 474 quae
892 423 950 460 vir
978 421 1059 468 ille,
1083 434 1159 458 cum
1175 421 1245 472 sibi
1271 423 1464 474 praestaret,
1485 435 1555 472 pa·

266 483 340 522 tria
363 486 566 538 imputabat.
605 497 645 523 at
673 499 762 523 nunc
789 495 872 522 certe
901 485 983 535 fieri
1010 499 1078 523 non
1098 486 1229 537 potest,
1257 484 1340 538 quin
1369 486 1497 523 veritas
1511 483 1554 535 se

264 547 367 584 vobis
386 545 582 600 patefaciat
611 561 654 585 ex
679 547 882 597 firmzffi'mis
906 547 1136 599 argumentis,
1166 561 1240 598 quae
1267 547 1325 585 vel
1354 547 1398 585 ab
1423 547 1477 584 lzis
1506 561 1554 583 re-

262 609 327 647 bus
344 639 356 657 ,
380 611 417 648 in
447 610 567 662 quibus
597 610 696 648 vobis
727 608 763 646 6³
796 620 886 647 certa
915 609 1041 648 notitia
1058 639 1070 657 ,
1093 608 1130 646 δ’
1159 609 1342 661 plurimum
1368 607 1463 662 juris
1492 606 1557 659 ff

262 685 392 724 oportet
407 704 418 721 ‚
430 673 704 726 suppeditantur.

318 734 404 774 XV.
440 737 512 774 Vos
535 735 573 772 in
597 733 681 772 bello
708 748 777 771 non
805 731 886 770 aliis
902 732 1033 784 paretis
1058 733 1201 771 ducibus
1217 763 1229 781 ‚
1247 747 1350 785 quam
1374 747 1458 784 quos
1482 731 1551 770 ali-

263 798 400 847 quando
433 796 555 848 dignos
577 809 614 832 eo
642 793 716 833 loco
737 792 930 846 judicastis.
961 806 1019 831 nec
1045 794 1132 831 enim
1157 793 1266 846 salva
1296 794 1463 846 republica
1492 794 1556 831 iter

263 858 315 894 ad
344 857 482 909 imperia
514 857 583 908 nisi
603 871 667 908 per
689 857 830 895 honores
853 853 931 907 fuit
944 886 956 903 ,
985 856 1044 906 qui
1073 855 1189 909 vestris
1205 853 1386 908 fitffiagiis
1407 852 1555 906 confere-

263 918 398 958 bantur.
438 920 511 956 Vos
538 917 688 969 confides
711 917 879 956 creabatis
894 947 907 965 ‚
931 931 997 956 vos
1015 928 1173 970 praetores
1195 932 1206 956 ς
1228 929 1404 955 ceterorum
1427 929 1554 969 quoque

261 979 400 1017 comitia
413 979 666 1032 magistratuum
690 979 726 1016 in
749 979 856 1031 vestra
879 993 983 1016 manu
995 991 1101 1017 erant.
1124 979 1229 1017 Iidem
1244 977 1425 1032 &judicia
1439 977 1550 1030 legum

263 1040 418 1093 agebatis
432 1070 446 1086 ,
467 1052 507 1078 ut
527 1040 627 1092 nostri
650 1040 779 1079 ordinis
799 1039 868 1076 viri
895 1039 1005 1092 magis
1027 1039 1128 1077 colere
1151 1039 1316 1092 populum
1341 1050 1552 1092 cogerentur,

261 1100 300 1138 in
321 1099 420 1154 cujus
434 1102 598 1154 potestate
616 1101 758 1153 praernia
774 1099 955 1154 poenasque
977 1102 1080 1149 reae,
1100 1113 1162 1138 aut
1175 1101 1275 1152 secus
1290 1099 1460 1153 saelorum
1475 1099 1553 1152 ff,

253 1161 420 1214 sciebant.
457 1165 511 1201 Et
541 1165 644 1202 donec
668 1178 709 1201 ea
735 1163 824 1201 ratio
845 1161 986 1214 senatui
1010 1161 1200 1215 populoque
1225 1163 1397 1216 constitit,
1422 1172 1461 1200 ut
1488 1177 1554 1202 no-

261 1224 347 1262 biles
378 1225 504 1263 virtute
533 1227 583 1263 ad
612 1226 753 1264 honores
787 1225 970 1263 niterentur
989 1254 1003 1270 ‚
1036 1239 1099 1263 vos
1129 1225 1257 1277 optimo
1287 1225 1404 1277 cuique
1437 1225 1554 1262 debita

257 1286 400 1337 prumia
432 1286 579 1324 lubenter
598 1286 784 1324 tribueretis
798 1300 815 1333 ;
850 1301 920 1325 non
943 1287 1041 1324 modo
1058 1286 1183 1337 floruit
1204 1285 1317 1339 gloria
1348 1284 1383 1323 δ’
1405 1284 1554 1337 opibus,

252 1347 319 1398 fid
341 1349 443 1385 etiam
473 1348 577 1386 crevit
604 1347 801 1400 respublica.

319 1415 424 1456 XVI.
463 1416 644 1469 Interceffi't
669 1417 784 1454 deinde
812 1416 880 1454 viri
903 1415 1009 1454 unius
1037 1416 1205 1454 temeritas
1218 1447 1230 1464 ‚
1254 1416 1291 1454 in
1318 1415 1358 1467 se
1384 1417 1549 1455 trahentis

263 1481 380 1518 omnia
394 1510 406 1527 ‚
420 1481 622 1532 vestrumque
634 1479 699 1532 jus
721 1480 916 1530 usurpantis
928 1510 940 1527 ,
953 1492 992 1517 ut
1004 1479 1128 1518 nemini
1134 1477 1212 1531 jam
1227 1479 1441 1532 magistratus
1456 1508 1468 1527 ‚
1485 1478 1556 1530 nist

260 1556 306 1578 ex
332 1540 506 1579 voluntate
532 1554 633 1594 atque
655 1542 758 1578 etiam
789 1539 939 1578 lubidine
974 1540 1116 1592 Caefizris
1147 1542 1315 1579 darentur.
1351 1539 1464 1593 Igitur
1491 1556 1551 1578 ne·

262 1618 326 1656 que
355 1603 474 1641 virtuti
506 1601 707 1657 cujufijuam
730 1606 857 1642 reddere
883 1605 1077 1651 mercedem,
1119 1606 1189 1641 icu‘t
1217 1614 1341 1648 antea,
1363 1603 1519 1655 potuistis
1531 1615 1550 1650 ,·

262 1679 388 1717 neque,
401 1666 439 1715 fi
454 1665 530 1717 quis
556 1665 711 1702 honorem
736 1664 843 1702 ullum
866 1664 1024 1717 abstulit,
1047 1665 1145 1701 vobis
1163 1679 1200 1702 eo
1222 1664 1374 1711 nomine,
1391 1663 1455 1715 sed
1477 1664 1551 1702 Cae-

255 1726 332 1778 sari
357 1726 470 1764 debuit
487 1726 649 1778 gratiam.
679 1727 736 1764 Ne
759 1725 910 1764 tribunos
937 1726 1066 1778 quidem
1082 1753 1094 1772 ,
1110 1726 1285 1778 proprium
1302 1725 1412 1778 plebis
1437 1724 1551 1778 magi·

234 1789 238 1793 ’
254 1791 399 1843 stratum
419 1819 432 1836 ‚
462 1801 527 1827 aut
555 1802 666 1827 creare
699 1789 858 1842 potuistis
893 1788 960 1840 ipsi
965 1818 980 1834 ,
1009 1800 1072 1826 aut
1096 1786 1264 1839 defendere
1287 1803 1298 1826 .·
1332 1801 1417 1841 quos
1446 1788 1547 1837 ideo,

260 1853 343 1906 quia
372 1852 541 1890 Romanis
572 1850 784 1889 intolerabile
820 1865 937 1889 nomen
964 1851 1050 1904 regis
1082 1850 1237 1903 usurpari
1262 1852 1426 1888 vetabant
1443 1880 1457 1897 ‚
1485 1865 1551 1903 per

253 1916 424 1968 fitmmam
453 1914 691 1953 contumeliam
716 1913 864 1965 spoliari
896 1912 1121 1965 fizcrofiznblae
1154 1913 1331 1965 potestatis
1362 1914 1549 1966 insignibus

262 1978 406 2030 vidistis.
444 1977 519 2015 Nec
534 1973 624 2028 firre
648 1977 718 2014 lzaec
739 1974 883 2027 senatus
898 2004 908 2021 ,
933 1976 1074 2027 vestram
1094 1976 1226 2028 pariter
1246 1974 1411 2027 suamque
1440 1976 1547 2013 vicem

261 2056 421 2095 gemens,
446 2053 503 2078 nec
527 2041 698 2079 emendare
713 2069 724 2086 ,
748 2039 815 2091 nisi
824 2039 965 2090 fitblato
989 2051 1160 2091 tyranno,
1173 2050 1318 2090 poterat.
1357 2039 1442 2077 AVon
1459 2040 1548 2077 enim

263 2117 338 2143 erat
369 2104 496 2156 legibus
523 2102 617 2141 locus
655 2114 773 2141 contra
804 2115 972 2140 armatum
986 2131 998 2149 ‚
1018 2112 1129 2154 totque
1159 2102 1329 2140 habentem
1361 2103 1397 2140 in
1424 2116 1550 2151 manu,

264 2184 351 2222 quas
379 2167 573 2206 abduxerat
597 2182 621 2204 a
651 2166 843 2218 republica,
865 2166 1020 2219 legiones.
1051 2163 1191 2216 Occisus
1214 2164 1319 2215 igitur
1344 2166 1388 2218 est
1411 2179 1546 2218 pauco·

264 2246 339 2270 rum
362 2230 489 2282 gladiis
505 2260 518 2278 ‚
544 2229 693 2268 omnium
722 2228 900 2266 voluntate
914 2257 926 2275 ‚
952 2226 1110 2280 consensu
1124 2257 1135 2275 ‚
1159 2226 1351 2279 applausu:
1377 2243 1428 2265 res
1455 2228 1545 2265 enim

264 2306 306 2330 ea
343 2304 439 2340 erat,
462 2304 534 2343 quae
564 2289 688 2327 nemini
715 2289 802 2328 bono
833 2304 901 2328 non
935 2289 1142 2341 probaretur.
1188 2287 1273 2325 Inde
1294 2287 1414 2339 statim
1449 2287 1485 2326 δ’
1509 2289 1550 2325 de

263 2354 413 2406 praemiis
443 2352 735 2404 tyrannicidarum
762 2352 821 2404 agi
850 2363 991 2404 coeptum
1015 2365 1026 2389 .·
1062 2352 1145 2388 adeo
1179 2350 1217 2387 de
1241 2349 1442 2402 impunitate
1476 2364 1545 2388 non

265 2416 506 2468 ambigebatur.

337 2482 462 2525 XVII.
491 2485 563 2522 Sed
578 2483 791 2537 praemiorum
814 2499 939 2538 quoque
961 2484 1071 2524 omini
1093 2484 1293 2527 ,mentionem
1311 2483 1446 2536 placuit
1468 2497 1548 2523 con·-
