1685 3042
259 234 336 283 ΙΝ
391 232 940 281 LOC.L113.cxvir
982 233 1118 280 mv,
1255 247 1343 291 127

69 344 151 390 ejus
190 341 279 381 belli
319 341 429 380 causa
459 337 650 390 praemiffae
684 337 724 375 in
755 337 1028 377 Macedoniam
1051 337 1211 381 fuerant,
1247 338 1348 379 Dein

67 404 253 443 Antonius
280 402 553 443 Macedoniam
579 398 819 450 provinciam
849 397 974 449 petiit.

134 465 229 505 XII.
268 464 352 504 Nec
381 463 457 501 fuit
487 460 644 500 difficile
681 460 875 510 negotium
895 489 906 507 ‚
930 459 1038 498 vietis
1069 459 1108 498 in
1138 458 1349 499 Dolabellae

70 524 183 563 causa
206 523 405 571 omnibus,
421 534 503 572 quae
523 520 758 559 obstiterant.
782 519 835 559 Ex
856 517 914 557 his
929 519 1040 558 rebus
1057 520 1253 570 apparuit,
1280 520 1353 558 bo-

68 599 119 624 na
144 585 219 624 fide
242 597 330 623 cum
353 583 502 633 collega
528 582 693 621 reditum
720 582 760 620 in
785 582 946 631 gratiam
973 581 1020 620 ab
1047 583 1215 621 Antonio
1250 582 1352 628 effe,

68 648 136 697 qui
162 659 240 685 non
267 646 383 685 modo
409 644 627 684 Parthicum
653 645 688 682 ei
720 643 864 682 bellum
891 643 1206 682 demandandum
1231 644 1354 683 curas-

65 705 121 745 set
135 736 146 755 ,
166 706 229 745 sed
256 708 290 745 &
312 707 350 744 in
372 704 473 744 illius
499 705 658 755 gratiam
682 702 907 742 exarmaffet
924 703 1218 752 Macedoniam,
1235 718 1352 755 quam

65 768 147 819 ipse
177 767 372 807 habiturus
399 766 638 817 provinciam
663 775 752 804 erat.
787 766 838 806 Ut
866 776 995 804 tamen
1024 775 1268 805 commutatae
1284 779 1354 816 po-

65 833 142 872 tius
158 831 364 881 provincia:
382 861 394 877 ‚
407 842 520 879 quam
538 830 700 869 ademtae
718 829 962 879 Pompejanis
987 828 1202 868 viderentur
1214 858 1224 876 ‚
1247 828 1352 867 sena-

66 900 127 931 tus
152 892 342 938 obtinuit,
364 904 433 941 pro
463 891 569 941 Syria
595 891 635 930 C.
660 889 784 930 Caffio
808 890 1009 941 Cyrenen,
1030 903 1099 941 pro
1116 889 1351 930 Macedonia

66 953 124 994 M.
149 954 265 992 Bruto
288 953 439 992 Cretam
471 952 563 991 dari.

129 1013 240 1053 XIII.
281 1013 372 1052 Haec
412 1012 573 1050 Octavio
610 1011 784 1051 nuntiata
823 1009 908 1049 sunt
941 1010 1044 1060 apud
1081 1010 1349 1051 Tarracinam:

67 1087 144 1125 quo
175 1074 293 1124 magis
314 1073 379 1112 {ibi
395 1073 676 1122 properandum
699 1074 739 1111 in
757 1072 891 1111 urbem
912 1072 1125 1121 judicavit3
1147 1072 1354 1121 ominibus-

65 1148 140 1185 que
162 1135 350 1185 prosperis
380 1142 559 1183 exceptus
583 1133 645 1171 est.
680 1134 777 1172 Cum
807 1133 907 1170 enim
934 1135 1083 1172 circiter
1112 1134 1245 1173 horam
1272 1145 1354 1173 ter-

65 1199 186 1243 tiam,
211 1196 356 1247 ingenti
388 1195 640 1234 circumfusus
667 1188 941 1235 multitudine,
979 1202 1061 1238 quae
1096 1195 1213 1234 officii
1240 1195 1354 1235 causa

65 1252 219 1291 obviam
252 1265 331 1294 erat
366 1255 508 1295 effusa,
537 1251 700 1288 Romam
734 1249 913 1293 intraret,
943 1245 1053 1296 super
1086 1263 1203 1296 capm—
1240 1258 1352 1296 ejus,

65 1317 164 1354 circa
192 1314 279 1354 solis
315 1314 448 1354 orbem
475 1325 583 1352 arcus
614 1310 852 1361 fulgentibus
887 1309 997 1349 stellis
1023 1311 1062 1348 in
1097 1310 1262 1361 speciem
1287 1323 1354 1351 co.

63 1389 166 1416 ronae
180 1377 326 1415 micuit.
346 1388 390 1414 ac
411 1375 572 1415 subinde
595 1374 728 1422 juliae,
756 1372 907 1413 Caesans
923 1371 1030 1420 filiae,
1045 1369 1351 1413 'monumentum

64 1438 103 1476 in
128 1449 266 1487 campo
285 1437 445 1476 fulmine
467 1438 598 1475 ictum.
627 1435 771 1483 Credo,
785 1433 842 1472 his
859 1447 1010 1484 quoque
1027 1434 1236 1473 excitatum
1258 1435 1351 1472 ado-

62 1500 298 1547 lescentem,
322 1508 365 1539 ut
398 1512 537 1549 magno
566 1499 695 1537 animo
730 1498 928 1547 negotium
966 1496 1184 1547 capesseret.
1219 1494 1353 1536 Perse-

64 1562 221 1600 verabat
246 1561 348 1599 enim
380 1558 591 1598 dissuadere
614 1558 725 1604 Atia,
750 1557 812 1595 cui
838 1568 976 1606 magna
1001 1566 1081 1594 erat
1103 1568 1184 1595 non
1201 1563 1242 1595 ut
1271 1569 1351 1594 ma-

62 1623 110 1660 tri
131 1622 265 1667 modo,
287 1620 349 1659 sed
376 1630 417 1658 ut
437 1619 570 1658 severae
596 1617 846 1668 diligentique
872 1616 1101 1663 educatrici,
1128 1616 1231 1666 apud
1255 1617 1348 1655 ado.

63 1681 273 1721 lescentem
310 1681 539 1728 auetoritas3
568 1681 602 1719 Sc
630 1678 839 1718 accedebat
870 1690 959 1716 cum
999 1676 1174 1727 Philippo
1210 1678 1348 1717 vitrico

63 1742 228 1782 sororius
256 1739 487 1787 Marcellus,
511 1739 666 1778 minime
689 1738 983 1777 contemnendis
1007 1738 1164 1777 adducti
1188 1739 1349 1777 rationi-

64 1804 136 1844 bus
151 1834 161 1852 ‚
184 1803 288 1854 quod
310 1802 523 1856 succefficrus
548 1813 620 1839 erat
644 1801 681 1838 in
705 1799 875 1849 clarffmi
905 1799 1051 1851 ejusdem
1079 1800 1348 1851 invidiosiffimi..

61 1882 125 1921 que
146 1867 299 1905 nominis
323 1867 538 1904 hereditatem
551 1894 562 1912 ‚
577 1863 756 1901 oaodecim
780 1876 945 1901 annornm
966 1861 1185 1915 adolefiens‚
1204 1863 1244 1900 isi
1262 1876 1348 1901 tem-

57 1931 156 1984 poris
172 1959 184 1977 ,
208 1942 275 1980 quo
300 1927 388 1965 tanti
416 1926 486 1964 viri
512 1926 620 1964 caedes
647 1924 819 1975 impunita
835 1954 846 1972 ,
871 1922 1078 1976 percuffores
1104 1924 1141 1960 in
1169 1924 1295 1961 honore
1311 1925 1347 1963 δ’

61 1990 215 2043 imperiis
243 1988 372 2040 ffnt3
395 1988 429 2026 δ’
452 1987 508 2024 his
534 1987 690 2024 omnibus
710 1984 896 2038 sufpeblior
923 1984 1110 2022 Antonius
1126 1984 1262 2036 summa
1279 2000 1345 2038 po-

61 2053 174 2092 tentia
194 2052 338 2103 parique
364 2049 553 2102 fitperbia,
581 2047 639 2098 qui
657 2047 776 2096 filium
815 2046 959 2098 Caeſsm's
985 2059 1122 2097 peregre
1157 2048 1347 2084 advenien-

62 2124 126 2151 tem
151 2126 220 2149 non
247 2111 346 2148 modo
372 2111 492 2157 adire,
512 2110 576 2160 sed
597 2123 638 2146 ne
657 2108 785 2145 mittere
806 2107 941 2158 quidem
967 2120 1165 2158 quemquam
1181 2106 1347 2158 ficorum,

64 2174 162 2213 volui
191 2185 233 2211 er.

140 2173 246 2273 ἐν.
279 2233 419 2272 Contra
442 2230 523 2269 haec
546 2228 674 2268 omnia
704 2227 824 2267 fixum
859 2235 1086 2277 certumque
1110 2227 1347 2268 adolescenti

62 2297 138 2338 fuit
154 2327 164 2346 ,
188 2295 340 2345 exsequi
363 2294 544 2334 destinata
560 2322 571 2341 ,
594 2303 716 2341 neque
744 2289 894 2331 Caesaaeis
920 2302 1057 2329 necem
1083 2292 1339 2341 impunitam,

114 2432 134 2471 §
160 2431 235 2462 XII.
267 2430 355 2462 Plut.
387 2430 420 2461 in
444 2429 537 2462 Brut.
561 2441 591 2461 c.
623 2437 678 2470 29.
707 2427 852 2470 Appian.
886 2425 963 2469 Liv.
987 2427 1079 2470 Epit.
1115 2426 1182 2459 Jul.
1212 2426 1340 2469 Obseq.

67 2475 194 2517 Vellej.
216 2487 233 2506 2
251 2500 260 2515 ‚
280 2485 329 2516 59.
355 2473 441 2506 Plin.
467 2485 507 2513 2,
534 2475 587 2505 28.
609 2472 690 2503 Dio.
721 2473 862 2503 Sueton‚
892 2472 926 2502 in
951 2472 1038 2516 Aug.
1064 2484 1093 2505 c.
1121 2484 1173 2511 ¹40
1200 2471 1222 2516 §
1246 2472 1341 2513 xllx,

69 2519 196 2552 Auster
218 2521 258 2553 de
281 2517 370 2553 caus.
394 2528 546 2563 corrupt.
573 2519 663 2561 eloq.
689 2516 765 2552 Nic,
791 2514 984 2551 Damascen.
