1685 3042
259 192 333 238 IN
376 191 552 239 LOC.
592 189 732 236 LIB.
767 189 965 236 CXXIII
1024 191 1163 240 LIV.
1270 202 1367 258 271¹

146 298 278 339 XXII.
327 301 428 338 Unde
457 298 555 337 nobis
585 298 700 337 merito
731 310 862 349 magna
889 309 988 351 aeque
1010 312 1102 337 certa
1115 299 1196 352 spes
1226 298 1288 351 ff
1313 305 1371 341 de-

93 360 194 408 bent,
217 363 372 400 Deorum
406 360 637 411 hominumque
663 358 820 410 consenfit
835 372 900 410 pro
924 358 1062 410 justiore
1084 360 1188 411 causti
1212 376 1376 414 pugnan-

92 423 196 462 tibus.
237 424 355 475 Neque
383 436 462 460 vero
490 434 706 468 moveamur,
726 422 764 472 fi
781 418 874 471 forte
890 419 957 470 sttb
983 422 1029 458 =C.
1056 421 1179 472 Caefizre
1201 425 1372 475 stipendia

89 485 276 537 aliquando
300 482 459 535 fecimus.
504 497 668 536 quatenus
689 483 775 520 enim
797 481 925 534 justum
951 482 990 519 id
1006 481 1255 533 fizcramentum
1271 485 1369 535 sitit,

88 546 214 598 patriae
241 543 493 584 militavimus:
520 544 636 596 reliqui
658 544 815 595 temporis
841 544 997 582 memoria
1021 543 1163 582 dolorem
1181 545 1302 596 potius
1321 559 1376 585 at-

91 621 154 659 que
180 607 266 644 iram
293 608 466 644 accendere
488 607 606 658 nostris
633 606 671 643 in
707 604 834 642 animis
859 604 975 650 debet,
1000 606 1092 656 quod
1115 606 1272 656 cuiquam
1294 607 1376 658 skr-

90 669 271 707 vivimus:
307 682 404 721 eoque
430 669 528 707 nobis
557 682 645 706 nunc
677 669 841 720 agendum
870 668 914 719 es}
932 667 1090 717 fortius,
1116 679 1155 705 ut
1177 669 1370 720 trislzffi‘mo-

90 742 166 769 rum
193 741 373 781 temporum
404 742 472 766 non
505 730 603 767 modo
631 725 861 778 infelicitatem
875 756 890 772 ,
916 739 988 778 quae
1014 727 1059 763 ab
1089 727 1143 764 liis
1179 729 1372 777 reducitur,

82 791 149 843 sed
165 791 267 829 etiam
288 803 412 829 metum
444 803 665 835 avertamus,
688 789 849 827 tollamus
873 788 1086 841 exemplum,
1112 790 1370 830 recordationem

89 867 239 905 quoque,
258 855 298 904 si
317 854 398 904 fieri
417 851 544 905 poffit,
564 851 771 891 aboleamus.
804 852 857 889 Et
879 850 1049 902 respicite,
1079 865 1205 903 quanto
1217 854 1267 903 fit
1291 853 1371 904 sors

85 915 198 966 :vestra
227 914 419 966 optabilior.
446 914 513 965 sub
532 913 642 952 Bruto
667 914 796 965 quidem
820 911 855 949 δ’
879 912 986 963 Caffio
1014 911 1292 964 imperatoribus,
1307 913 1374 965 sed

89 976 243 1014 Romani
263 975 387 1028 populi
417 976 581 1014 exercitus
603 976 705 1028 estis.-
733 990 791 1013 nec
811 989 874 1028 pro
902 974 1131 1013 dominatione
1153 977 1262 1029 nostra
1278 1007 1288 1022 ‚
1307 977 1375 1028 sed

82 1049 150 1088 pro
184 1035 352 1089 majestate
379 1037 533 1090 imperii,
560 1051 626 1089 pro
641 1036 755 1087 fizlute
779 1036 870 1074 urbis
898 1036 932 1074 δ’
963 1036 1099 1081 Italia,
1123 1051 1188 1089 pro
1217 1037 1371 1089 legibus,

84 1111 151 1150 pro
177 1101 328 1138 libertate
357 1102 466 1153 vestra
492 1102 707 1154 depugnatis.

142 1160 294 1201 XXIII.
323 1161 436 1200 Nobis
463 1163 607 1215 equidem
623 1191 633 1207 ,
649 1163 688 1212 fi
704 1176 767 1213 per
792 1161 946 1199 inimicos
968 1161 1102 1208 liceret,
1133 1161 1243 1198 omnis
1268 1176 1363 1200 mora

87 1222 192 1275 longa
210 1223 309 1274 effet,
331 1225 432 1262 donec
448 1253 459 1271 ‚
488 1238 556 1261 non
585 1223 721 1267 dicam,
752 1236 948 1273 poneremus
977 1234 1100 1266 arma,
1123 1221 1188 1272 fid
1213 1220 1372 1273 abjicere-

90 1299 178 1323 mus.
200 1285 266 1336 sed
290 1287 425 1337 quando
454 1299 554 1337 neque
576 1283 697 1322 volunt
722 1283 796 1335 isti,
822 1297 922 1334 neque
939 1281 1017 1334 jam
1042 1296 1115 1333 prae
1135 1281 1276 1332 furore,
1321 1298 1372 1322 ce,

89 1346 233 1392 leribus,
262 1346 430 1398 impietate
445 1377 460 1392 ,
483 1346 551 1397 fito
583 1345 749 1390 arbitrio,
777 1343 811 1380 δ’
836 1344 929 1381 velut
952 1355 1057 1380 mente
1080 1344 1178 1381 emoti
1198 1343 1338 1395 poffitnt
1353 1359 1372 1391 ,⁴

89 1410 182 1461 quod
210 1421 313 1445 unum
349 1407 568 1459 relinquitur,
595 1408 644 1444 ad
678 1408 935 1458 recuperandam
965 1406 1142 1457 patriam,
1176 1405 1375 1457 tr‘ifliffima·

91 1485 152 1523 que
170 1470 334 1522 servitute
368 1470 575 1508 liberandam
601 1482 729 1507 eamus.
766 1471 928 1515 Eamus,
956 1466 1124 1506 universa
1155 1469 1293 1506 concio
1316 1481 1375 1507 re·-

89 1531 244 1577 sonuit,
268 1530 407 1580 paratis
428 1529 608 1568 omnibus
632 1529 755 1568 statim
780 1528 908 1578 sequi,
929 1542 1005 1579 quo
1027 1531 1266 1570 ducerentur.
1295 1543 1372 1580 qua

91 1592 287 1633 alacritate
304 1591 410 1630 laetus
426 1592 631 1640 imperator
645 1620 656 1638 ,
671 1590 808 1628 iterum
828 1590 948 1629 indici
968 1589 1065 1639 juffo
1087 1590 1234 1630 filentio
1247 1623 1258 1640 ‚
1273 1596 1370 1643 Dii,

89 1655 218 1704 inquit
239 1686 253 1701 ,
280 1654 445 1707 justorum
477 1655 673 1706 piorumque
704 1653 861 1691 bellorum
889 1654 1042 1706 praesides
1058 1684 1072 1700 ,
1098 1669 1164 1706 pro
1196 1656 1260 1693 hac
1293 1657 1368 1706 fide

78 1717 262 1770 studiisc'Jue
280 1717 394 1768 vestris
420 1715 568 1768 gratiam
593 1715 693 1752 vobis
715 1712 882 1765 referant,
901 1715 1167 1755 commilitones:
1193 1719 1286 1769 quod
1303 1733 1366 1756 au-

88 1790 152 1815 tem
182 1779 332 1815 humana
355 1789 434 1814 cura
456 1775 643 1828 praeparari
667 1775 801 1826 potuit,
828 1787 867 1813 ut
891 1776 986 1814 rebus
1010 1775 1165 1815 omnibus
1186 1777 1367 1830 instruc‘lio-

89 1853 141 1877 res
172 1837 307 1888 effbmus
332 1839 504 1890 hostibus,
532 1838 608 1875 binc
632 1837 826 1890 cognoscite.

145 1899 291 1940 XXIV.
326 1902 407 1939 Cum
435 1899 553 1938 multis
581 1899 667 1937 locis
690 1899 837 1951 legiones
864 1899 1052 1938 habeamus
1075 1899 1281 1953 dispositas,
1298 1917 1370 1955 pa·

86 1976 153 2002 rem
167 1973 280 1998 tamen
294 1990 306 2009 ‚
329 1975 370 1998 ac
394 1960 503 2013 hostes
525 1961 694 2007 babeant,
716 1973 887 1997 numerum
905 1960 1131 1998 adducimus:
1153 1962 1308 2012 equitatu
1330 1963 1369 2001 6·

85 2023 186 2075 claſje
210 2024 309 2074 longe
329 2023 501 2060 vincimus
516 2052 527 2070 ‚
556 2035 658 2074 atque
682 2035 794 2072 regum
815 2036 858 2060 ac
887 2022 1067 2059 nationum
1095 2023 1145 2060 ad
1166 2024 1296 2061 Medos
1310 2025 1368 2076 us:

85 2101 151 2139 que
171 2087 205 2125 6·
226 2087 383 2124 Parthos
405 2087 567 2126 auxiliis.
602 2087 770 2124 Praeterea
796 2096 927 2124 tantum
949 2100 966 2122 e
980 2084 1102 2136 fronte
1126 2087 1287 2125 habemus
1308 2088 1368 2125 lto-

77 2149 187 2201 stem:
210 2147 286 2185 illis
307 2161 400 2200 terga
424 2163 555 2200 quoque
575 2147 691 2185 intuta
708 2148 820 2199 sunt,
847 2147 957 2185 Sexto
978 2146 1147 2184 obtinente
1175 2148 1336 2186 Siciliam
1348 2178 1368 2197 ,‚

86 2210 216 2247 Alurco
245 2223 286 2247 ac
308 2209 470 2247 Domitio
511 2208 736 2247 Adriaticum
773 2208 1013 2262 claudentibus
1043 2223 1144 2247 mare.
1171 2210 1271 2259 Quid
1285 2209 1364 2261 jam

85 2272 128 2309 de
147 2271 326 2323 pecuniis,
360 2286 448 2323 quas
473 2271 635 2309 bellorum
664 2270 834 2323 appellari
869 2285 992 2308 nervos
1018 2271 1184 2323 audistis,
1209 2272 1366 2323 loquar?

91 2332 196 2381 Quas
222 2331 278 2368 illi
310 2332 444 2383 quidem
462 2334 595 2385 semper
621 2327 770 2383 quarunt
789 2331 1005 2384 sceleribus,
1021 2330 1153 2383 semper
1184 2330 1369 2382 effitndunt

81 2392 272 2443 flagitiis.-
310 2392 345 2430 δ’
377 2394 414 2432 in
443 2395 555 2433 media
584 2394 708 2445 rapina
745 2393 864 2444 egeni,
893 2407 1000 2444 neque
1027 2394 1274 2445 proscriptione
1308 2393 1364 2429 lo-

83 2452 294 2509 cupleuffimi
324 2454 485 2510 cujusque
501 2487 513 2507 ‚
545 2468 653 2509 neque
684 2455 1027 2513 subhastationibus,
1059 2469 1167 2509 neque
1196 2453 1336 2493 tributis
1352 2480 1374 2502 ,ς
