1685 3042
318 202 395 249 1N
431 201 601 248 LOC.
653 199 784 246 LIB.
815 199 949 246 CXX
988 200 1128 248 LIV.
1299 219 1388 268 223

105 338 109 340 ἡ
165 306 424 348 LXXXVIII.
464 307 548 346 Nec
578 306 641 344 hic
675 304 774 343 stetit
807 304 976 344 hominis
1010 307 1197 348 audacia:
1228 308 1395 348 redinte-

108 371 231 421 gravit
267 370 358 409 inde
394 368 567 416 bellum;
599 367 847 418 pluribusque
881 368 1038 406 demum
1076 369 1220 418 proeliis
1244 371 1393 420 victus,

108 434 235 473 filium
261 433 480 482 ceterosque
513 432 742 482 proscriptos
772 431 983 471 messanam
1010 433 1211 482 praemisit:
1247 434 1324 484 ipse
1353 435 1395 474 in

107 497 238 535 medio
271 496 369 534 freto
394 493 649 544 deprehensus
672 508 693 533 a
716 493 1051 544 persequentibus,
1080 497 1327 545 repugnando
1355 497 1396 536 in

107 558 224 597 frusta
251 555 423 596 concisus
451 557 516 596 est.
544 555 645 596 Naso
671 569 692 595 a
716 556 879 604 liberto,
908 568 1022 605 quem
1056 556 1245 596 habuerat
1270 560 1310 597 in
1333 559 1397 598 de·

105 619 232 668 liciis,
270 618 470 669 proditus,
505 617 616 656 militi
653 618 806 657 extorsit
842 618 1033 668 gladium,
1064 631 1260 669 unumque
1298 620 1398 660 inter

107 696 244 722 omnes
279 682 523 733 proditorum
557 690 716 731 petens,
743 681 958 732 priusquam
990 681 1263 728 occumberet,
1285 683 1397 722 inter--

104 745 208 785 fecit.
251 745 380 785 Alium
408 759 429 784 a
455 744 646 783 militibus
679 744 807 783 occidi
832 744 965 783 videns
993 744 1140 793 servus,
1167 745 1228 795 qui
1256 758 1277 783 a
1307 728 1398 784 con*-

108 807 288 847 ducenda
317 805 492 846 navicula
514 807 706 852 redierat,
734 805 1089 856 exspeaa‚⁷‘inquic,
1110 807 1311 859 paulisper,
1336 807 1399 843 clo-

103 870 216 916 miae,
242 867 351 906 fimul
376 869 643 906 centurionem
671 865 748 902 ictu
785 863 888 903 letali
923 878 1131 916 occupans,
1165 867 1304 920 deinde
1329 866 1396 906 suo

103 939 258 977 quoque
285 929 436 976 corpori
471 928 643 977 gladium
669 925 854 976 infigens,
892 926 1008 977 accipe
1035 925 1221 976 filamen,
1247 927 1396 981 inquit³

102 1002 267 1042 quantum
292 990 373 1025 dare
396 987 492 1037 fides
519 1002 593 1025 mea
620 990 764 1041 potuit,
786 987 950 1026 domine!

158 1049 389 1090 LXXXIX.
416 1049 464 1087 At
487 1048 628 1088 Lucius
654 1050 813 1093 qnidam
838 1046 988 1085 duobus
1010 1045 1179 1094 libertis,
1203 1059 1298 1095 quos
1325 1060 1394 1097 pu-
1454 1069 1457 1072 >

101 1111 212 1152 tabat
247 1109 469 1156 fidiffimos,
498 1120 590 1146 auro
622 1105 789 1151 tradito,
818 1106 922 1154 quod
954 1108 1147 1147 deferrent
1179 1109 1227 1146 ad
1263 1122 1395 1153 mare3

102 1172 305 1222 postquam
332 1167 369 1207 se
400 1165 575 1206 delusum
596 1164 807 1213 intellexit,
836 1165 916 1215 ipse
945 1166 1112 1215 quaesivit
1138 1167 1393 1215 percussores,

103 1229 359 1281 jugulumque
385 1227 557 1279 praebuit.
581 1226 816 1274 Labienum,
836 1228 901 1277 qui
922 1227 960 1265 in
977 1226 1134 1267 Sullana
1153 1226 1397 1278 proscriptio-

104 1305 155 1332 ne
182 1291 423 1331 interfecerat
453 1288 620 1337 multos,
654 1288 780 1328 liberti
806 1289 1008 1339 celabant,
1040 1292 1243 1328 tormentis
1276 1292 1394 1332 etiam

102 1366 174 1404 pro
195 1351 461 1391 incolumitate
480 1350 630 1401 patroni
661 1349 842 1400 generose
871 1350 1015 1401 spretis.
1048 1351 1123 1391 Sed
1149 1349 1213 1388 ille
1233 1351 1393 1399 videns,

104 1415 267 1454 evadere
296 1413 332 1452 se
356 1426 436 1451 non
460 1411 585 1462 poss'e,
602 1413 638 1450 δε
665 1411 796 1451 frustra
819 1413 987 1462 torqueri
1012 1411 1122 1459 suos;
1154 1425 1222 1461 pro
1249 1412 1395 1453 foribus

103 1476 180 1515 suae
204 1477 342 1515 domus
359 1472 592 1524 exspectavit
607 1472 859 1523 percussores,
876 1473 965 1513 sella
986 1473 1117 1524 posita.
1136 1474 1278 1514 Cestius
1291 1506 1300 1522 ‚
1317 1476 1395 1514 ruri

104 1536 255 1583 latens,
282 1536 407 1574 minus
432 1547 479 1573 ex
504 1533 581 1572 fide
602 1533 756 1573 suorum
784 1535 924 1584 animi,
950 1548 1064 1585 quam
1087 1548 1135 1575 ex
1156 1536 1398 1576 discursatio-

105 1587 448 1638 ne'centurionum
479 1595 628 1634 timoris
656 1595 901 1645 concipiens,
918 1606 962 1636 ut
989 1596 1194 1647 aliquando
1224 1597 1395 1639 molestia

103 1659 143 1699 se
167 1658 366 1704 liberaret,
392 1658 519 1709 bustum
544 1656 670 1708 parari
702 1655 805 1704 jussit
835 1672 857 1695 a
880 1650 1020 1710 feritis,
1044 1670 1084 1695 ut
1108 1658 1216 1696 dicere
1236 1659 1392 1712 poffent,

95 1722 204 1776 ficiffe
235 1721 406 1774 Cestium3
433 1727 549 1769 atque
572 1719 612 1757 in
640 1718 842 1758 accensum
870 1721 1001 1770 ignem
1029 1720 1065 1759 se
1095 1722 1274 1770 conjecit.

162 1785 246 1825 XC.
283 1784 477 1835 Aponium
511 1783 560 1822 ad
591 1783 754 1822 eandem
785 1782 1089 1834 desperationem
1121 1785 1248 1835 adegit
1272 1786 1394 1826 vietus

103 1848 289 1887 tenuioris·
311 1847 575 1897 impatientia,
600 1858 689 1885 cum
708 1854 791 1885 tuto
818 1846 975 1886 lateret:
999 1847 1114 1898 igitur
1139 1848 1237 1888 ultro
1263 1849 1300 1888 se
1326 1849 1394 1888 ob-

107 1908 198 1948 tulit
228 1907 545 1947 interficiendum.
591 1907 754 1958 Jamque
786 1907 976 1947 fastidium
1014 1918 1092 1947 crat
1119 1909 1254 1961 sponte
1280 1924 1395 1962 expe-

105 1971 270 2010 tentium
292 1978 476 2010 mortem:
502 1971 685 2020 ajuntque
699 1969 829 2022 fiuffi,
853 1971 934 2024 qui,
952 1971 1117 2023 negleaus
1142 1987 1165 2010 a
1184 1973 1392 2024 percuſjbri-

107 2032 199 2079 bus,
225 2045 299 2069 cum
315 2032 354 2084 se
371 2032 467 2084 finis
493 2032 556 2069 diu
579 2032 708 2084 sedens
734 2031 771 2068 in
800 2032 985 2084 propatulo
1013 2033 1145 2086 flustra
1172 2035 1390 2087 praebufiffet,

100 2093 288 2146 ficspendio
307 2093 478 2146 expulerit
502 2093 625 2130 vitam.
659 2093 705 2131 At
730 2091 834 2131 socer
863 2094 974 2133 Asinii
1002 2108 1069 2145 per
1093 2108 1193 2135 mare
1220 2097 1394 2146 fugiens,

106 2154 376 2204 tempestatum
407 2152 572 2193 offensus
603 2153 808 2202 violentia,
838 2154 976 2200 desiliit
1000 2157 1039 2195 in
1069 2158 1217 2196 medios
1241 2158 1395 2198 fluetus

107 2216 237 2257 Planci
262 2216 418 2255 fratrem
453 2216 495 2256 C.
528 2214 692 2255 Plotium
728 2215 909 2256 Plancum
941 2228 1225 2269 unguentorum
1257 2222 1393 2271 prodi-

110 2278 171 2318 dit
200 2270 423 2328 fragrantia,
448 2291 497 2317 ne
522 2278 561 2316 in
587 2278 821 2318 Salernitana
851 2280 1008 2329 quidem
1036 2280 1178 2321 latebra
1205 2282 1263 2320 his
1295 2282 1390 2321 deli-

111 2339 180 2378 ciis
208 2351 334 2378 carere
359 2339 620 2379 sustinentem.
658 2340 754 2378 adeo
782 2341 918 2379 rationi
947 2341 1123 2381 ferociter
1150 2351 1253 2382 amat
1283 2356 1392 2394 repu-

110 2414 225 2453 gnate
253 2414 367 2452 prava
393 2389 645 2441 conl‘uetudo.
687 2401 836 2441 Tamen
860 2401 988 2441 adhuc
1016 2403 1312 2446 occultabatur:
1351 2406 1388 2446 δε

156 2513 179 2558 5
203 2512 388 2553 LXXXIX.
409 2514 564 2551 Macxob.
589 2517 759 2554 Saturna,
785 2517 811 2552 1.
831 2525 863 2558 2,
886 2516 1032 2564 Appian.
