1685 3042
305 243 370 289 74
434 227 530 276 JO.
569 227 1078 274 FREINSHEMII
1115 228 1481 278 SUPPLEM:

306 333 371 371 est.
408 333 529 373 Caesar
556 334 593 372 in
613 335 822 387 conspeft‘um
859 334 940 371 dari
969 334 1100 386 populo
1118 364 1130 383 ,
1154 337 1206 373 ad
1231 336 1460 389 reprimendos
1483 338 1588 377 rebel-

303 394 389 432 lium
411 395 584 446 spiritus,
610 397 733 433 deinde
752 395 895 448 sepeliri
923 395 1037 444 juffit.

368 454 472 496 LXI.
502 457 638 507 Neque
666 458 732 497 diu
756 457 904 497 laetatus
937 456 1014 496 hoc
1040 466 1179 498 eventu
1205 460 1364 509 Didius,
1396 474 1418 501 a
1446 461 1590 504 Lusita-

300 515 386 564 nis,
411 517 477 566 qui
500 517 539 556 se
562 518 690 558 denuo
719 518 977 570 collegerant,
1001 534 1068 571 per
1091 522 1241 562 insidias
1265 523 1418 563 occisus
1438 525 1500 564 est.
1524 526 1586 564 In-

297 585 403 617 terea
417 580 482 629 qui
503 581 662 621 Mundae
687 582 839 621 fuerant
862 582 1089 623 circumsessi
1103 615 1113 633 ,
1139 598 1228 624 cum
1247 587 1485 637 eruptionem
1501 595 1586 627 ten-

297 639 458 690 tassent,
480 642 676 694 essentque
700 657 721 683 a
745 644 867 684 Fabio
903 657 992 684 cum
1023 659 1160 697 magna
1200 649 1304 687 caede
1331 650 1483 698 rejeffti,
1513 650 1587 688 do-

294 700 379 740 lum
403 712 649 753 paraverant,
673 713 716 743 ut
742 719 879 756 magna
911 720 1045 746 manus
1062 738 1073 755 ,
1099 721 1167 758 per
1191 709 1357 759 speciem
1383 710 1584 761 transfugii

296 771 479 813 recepta,
505 762 545 803 in
574 765 700 804 castris
733 767 1010 808 administraret
1045 770 1216 817 caedem,
1240 772 1456 821 eodemque
1484 782 1586 811 tem-

294 836 392 874 pore
415 826 530 864 ceteri
555 828 795 876 eruptionem
821 830 1003 870 facerent.
1027 831 1125 878 Sed,
1147 833 1302 881 prodito
1326 845 1457 871 eorum
1484 834 1587 873 insti-

293 894 405 936 tuto,
430 889 572 929 Fabius
593 890 768 930 tesseram
798 905 866 942 per
889 894 1005 933 castra
1032 895 1163 944 dedit,
1183 897 1235 933 uti
1259 910 1374 935 omnes
1403 898 1583 935 Munden-

286 950 346 1002 fis
374 963 476 991 extra
515 951 650 990 vallum
691 956 956 1003 conciderentur.
997 956 1176 997 Tandem
1214 958 1394 1008 operibus
1430 958 1587 998 assiduis

295 1011 510 1061 interclusi,
539 1025 628 1052 cum
664 1023 879 1056 extremum
912 1017 1102 1058 malorum
1132 1019 1340 1059 accessisset
1366 1020 1583 1070 discordia,

294 1074 536 1113 deditionem
563 1074 650 1115 aliis
666 1076 883 1118 volentibus
897 1110 908 1127 ,
929 1082 1064 1119 ceteris
1085 1080 1157 1120 alia
1172 1082 1326 1131 omnia,
1352 1084 1451 1121 inter
1475 1082 1590 1132 ipsos

292 1136 522 1176 concursum
553 1138 628 1187 est,
651 1141 687 1179 ἀ
712 1150 832 1190 portae
857 1142 904 1182 ab
933 1142 1058 1182 alteris
1087 1145 1290 1194 adapertae.

355 1199 478 1240 LXII.
518 1201 605 1240 Nec
636 1204 872 1252 praetermisit
900 1206 1140 1244 occasionem
1179 1206 1343 1253 Fabius,
1373 1205 1581 1256 occisisque

292 1259 450 1309 multis,
475 1260 641 1311 reliquos
670 1263 818 1314 redegit
848 1265 953 1305 vivos
977 1266 1016 1304 in
1047 1266 1284 1317 potestatem.
1313 1266 1463 1307 Munda
1491 1279 1583 1306 cum

292 1321 479 1361 immensa
517 1322 721 1363 hominum
756 1326 861 1365 caede
895 1339 1112 1378 expugnata
1135 1359 1147 1375 ‚
1178 1328 1350 1366 vicinum
1393 1327 1583 1377 oppidum

293 1382 504 1425 Ursaonem
534 1385 672 1424 tentari
713 1385 886 1435 placuit,
914 1387 984 1426 situ
1021 1387 1272 1438 operibusque
1312 1389 1584 1438 permunitum.

289 1444 439 1485 Interea
462 1444 582 1485 Caesar
602 1459 624 1485 a
643 1447 837 1495 Gadibus,
860 1461 937 1498 quo
964 1449 1211 1498 processerat,
1235 1449 1421 1500 Hispalim
1442 1449 1584 1500 regres-

290 1505 377 1553 sus,
411 1516 631 1547 commeatu
668 1519 901 1558 convocato,
937 1510 1063 1550 severa
1092 1512 1269 1550 oratione
1308 1511 1496 1561 Hispanos
1519 1512 1584 1550 in-

291 1568 465 1618 crepuit,
486 1571 580 1621 quod
602 1570 948 1623 beneficiorum,quae
962 1573 1075 1624 primo
1100 1574 1240 1624 quaestor
1268 1574 1338 1620 iis,
1357 1575 1472 1625 postea
1492 1586 1583 1624 prae-

291 1640 371 1676 tor,
398 1630 520 1667 deinde
545 1631 686 1682 consul,
718 1645 826 1682 nuper
852 1633 1000 1671 difflatur
1032 1633 1200 1684 viflorque
1220 1633 1421 1685 frequentia
1445 1635 1479 1672 δ’
1510 1647 1585 1670 ηια-

291 1703 365 1743 gna
387 1691 550 1743 dediffit‚
572 1694 802 1741 immemores,
831 1705 903 1731 tam
917 1694 1032 1744 facile
1055 1696 1104 1732 ad
1125 1709 1223 1732 arma
1247 1707 1366 1732 contra
1381 1696 1418 1746 se
1441 1695 1582 1747 capieti-

289 1755 340 1792 da
359 1754 489 1793 induffl‘
508 1754 619 1805 efflat.
645 1755 797 1795 Deinde
821 1756 1017 1796 revolutus
1040 1759 1089 1795 ad
1106 1770 1275 1810 perpetua
1298 1759 1374 1810 ficx
1398 1757 1581 1796 clementiae

289 1818 660 1864 commemorationem,
683 1818 959 1869 conservaturum
975 1820 1015 1870 fi:
1033 1820 1261 1871 provinciam*
1282 1819 1389 1858 dixit.
1415 1819 1580 1859 Pecunia

290 1878 457 1916 maxime
484 1877 668 1927 imperata
703 1878 776 1925 est,
800 1878 1030 1928 quibusdam
1058 1883 1094 1920 &
1118 1881 1195 1931 agri
1227 1881 1371 1920 ademti
1388 1910 1400 1929 ,
1429 1883 1464 1921 ἃ
1494 1894 1576 1932 gra-

290 1939 398 1978 viora
417 1938 593 1990 imposita
619 1940 816 1990 stipendia.

348 2001 492 2042 LXIII.
509 2002 583 2042 Sed
600 2015 648 2042 ex
662 2004 742 2042 aede
760 2003 930 2043 Herculis
947 2004 1123 2044 Gaditani
1140 2004 1294 2043 donarii
1312 2004 1476 2053 sustulit,
1491 2003 1579 2044 satis

288 2063 474 2112 assuetus,
504 2065 740 2115 apertissimis
764 2067 902 2117 rapinis
929 2079 1042 2117 atque
1067 2066 1268 2117 sacrilegiis
1293 2067 1469 2106 sustinere
1496 2067 1576 2107 bel<

290 2125 420 2166 lorum
443 2135 555 2179 atque
582 2141 786 2170 munerum
814 2130 1024 2180 impendia.
1052 2131 1111 2169 Ne
1132 2129 1242 2168 sociis
1268 2130 1423 2180 quidem
1449 2132 1484 2170 ὁὶ
1516 2130 1579 2170 be-

291 2202 342 2228 ne
378 2191 523 2230 meritis
549 2191 712 2242 gratuita
747 2191 930 2230 beneficia
967 2191 1122 2240 tribuit,
1151 2204 1240 2243 agro
1277 2193 1488 2240 donando,
1512 2202 1578 2232 aut

291 2252 535 2291 immunitate
559 2253 837 2299 concedenda,
866 2252 1166 2302 civitatisque&
1194 2251 1361 2292 coloniae
1382 2252 1576 2291 nonnullis

293 2314 422 2355 dando
455 2316 551 2363 jura.
580 2315 657 2353 Sub
693 2314 768 2355 hoc
797 2325 947 2364 tempus
976 2313 1161 2364 Hispalim
1197 2314 1359 2353 deducta
1391 2313 1573 2361 colonia,

294 2386 343 2413 ex
369 2376 527 2414 nomine
556 2374 707 2415 Caesaris
740 2378 775 2415 ἃ
802 2375 958 2424 Romae,
980 2375 1078 2424 Julia
1108 2375 1348 2415 Romulensis
1379 2374 1574 2425 appellata

339 2489 362 2533 5
387 2490 457 2522 LX.
486 2490 613 2523 AuCtor
640 2492 680 2523 dc
707 2491 740 2523 B.
766 2491 862 2533 Hisp.
891 2492 962 2523 (Tic.
990 2491 1075 2524 Phil.
1106 2503 1166 2529 12,
1192 2503 1222 2521 o.
1253 2493 1341 2524 l'lut.
1368 2491 1401 2521 'in
1428 2490 1509 2522 (ces.
1544 2503 1578 2526 ς.

293 2545 347 2576 79.
368 2535 513 2579 Appiam.
538 2535 663 2580 §LXL
687 2536 811 2568 Auster
837 2538 875 2569 de
895 2538 928 2569 Β.
950 2536 1045 2580 Hisp.
1073 2536 1093 2581 §
1120 2536 1221 2569 LXll.
1245 2535 1345 2569 Oios.
1367 2537 1407 2576 ὁ,
1427 2540 1475 2567 ib.
1498 2535 1581 2570 Dio,
