1685 3042
240 202 352 249 ,190
401 184 597 234 Josffl.
627 186 786 232 SUPP.
818 186 879 233 ΙΝ
913 187 1054 233 [ΟΕ.
1081 188 1129 233 L.
1154 186 1314 233 CXIX
1346 186 1469 235 LlVi

255 305 336 336 tam
360 294 533 340 celeriter
566 306 646 332 non
680 301 852 343 poterat,
889 294 1112 334 absentibus
1149 293 1337 346 plerisque
1372 295 1539 346 patriciis

258 343 547 408 magistratibus.
572 350 672 395 Nam
698 356 854 394 decreto
876 358 1058 406 praetoris
1074 356 1209 395 urbani
1236 357 1542 406 (exffindtojam

261 421 460 467 Cornuto,
493 419 544 468 Q
574 417 741 457 Gallium
770 417 880 457 fuisse
912 419 1088 468 constat)
1128 419 1204 457 duo
1241 419 1429 458 nominati
1455 417 1544 458 sunt

259 481 509 535 proconsules
534 481 783 520 comitiorum
801 480 1073 521 habendorum
1098 481 1232 522 causa:
1260 481 1317 520 his
1343 482 1547 532 perfectis,

261 542 362 583 nihil
390 542 486 582 ultra
513 542 708 593 potestatis
739 540 920 590 usurpari.
953 541 1010 581 Ab
1036 541 1094 580 his
1123 541 1257 581 consul
1285 552 1434 581 creatus
1464 542 1547 587 Cae-

251 607 344 662 ¹sar,
371 606 528 658 collegae
556 605 714 644 nomine
745 602 794 653 Q.
821 604 979 643 Pedium
1010 605 1059 654 Q
1085 605 1127 644 F.
1151 606 1416 645 administrum
1438 616 1548 643 acce-

261 669 332 720 pit.
375 670 410 708 &
438 666 653 707 exsultabat
682 664 904 704 adolescens
940 664 1086 704 honore
1115 675 1202 706 ante
1228 675 1382 716 tempus
1409 675 1544 716 capto,

263 743 380 782 quem
411 738 542 779 praeter
568 728 760 777 juniorem
785 725 954 766 Marium
977 739 1092 764 nemo
1114 728 1321 777 praecocius
1339 726 1546 766 invaserat·

260 791 509 834 consulatum
535 792 662 839 enim,
686 789 711 828 s1
736 787 896 828 civiliter
920 796 1141 838 computes,
1165 801 1285 828 annos
1306 788 1548 838 undeviginti

264 866 377 897 natus
407 853 628 902 iniit3s1ve
655 853 735 891 dies
771 851 934 890 ineundi
967 850 1061 890 XIV
1088 850 1551 903 Ka1.Septembr.(va-

267 917 367 956 riant
391 915 493 954 enim
516 913 750 964 scriptores)
789 912 862 951 five
902 912 942 952 X
970 911 1056 952 Kal.
1083 911 1242 952 Octobr.
1280 911 1383 952 fuit:
1421 923 1552 950 revera

268 974 447 1018 vicefimo
485 977 605 1017 aetatis
641 988 770 1022 anno,
812 976 903 1025 quia
933 974 1117 1014 trimestre
1151 974 1299 1014 circiter
1330 974 1489 1012 correcti
1529 986 1552 1012 a

267 1038 371 1089 Julio
405 1038 487 1078 fasti
523 1038 821 1078 absorbuerant:
857 1036 1153 1087 quodspatium
1186 1035 1331 1076 tametfi
1362 1033 1553 1086 processe-

269 1111 361 1151 rat,
387 1109 518 1141 tamen
543 1100 659 1151 vulgo
690 1112 771 1139 non
799 1097 1111 1149 computabatur.

321 1222 344 1266 5
369 1217 965 1264 LXV111.D10.Appian.Auetor
999 1218 1039 1250 de
1069 1216 1160 1254 caus.
1184 1225 1336 1262 corrupt.
1360 1217 1451 1262 eloq.
1481 1214 1554 1253 Jul.

274 1260 405 1315 Οὶᾶίθς
427 1266 570 1303 casaub.
593 1265 633 1304 ad
660 1232 807 1299 Sup.eton
831 1264 919 1307 Aug.
949 1269 979 1296 c.
1004 1261 1062 1297 26.

674 1556 1159 1581 β’·-ῇ--Ἣ
