1685 3042
307 214 388 260 IN
437 210 602 259 Loc.
648 209 783 254 ms.
832 207 980 254 exui
1034 208 1168 254 mv,
1346 220 1377 268 9

164 319 261 360 XX.
307 319 486 363 Ceterum,
519 329 592 368 quae
616 327 698 353 tunc
730 313 882 351 maxime
916 312 1124 365 adjuverunt
1155 313 1298 365 hostem,
1321 312 1385 350 hoc

98 393 244 432 tempore
270 379 370 418 nulla
385 380 482 431 fient.
509 391 578 415 non
600 378 644 415 ab
670 377 790 428 aliquo
815 377 938 414 ducum
958 389 1103 414 meorum
1125 372 1388 428 administratio·

100 441 248 488 bellum,
277 439 337 492 qui
361 447 456 476 meas
481 438 633 477 rationes
654 437 836 490 respicere,
866 448 968 489 atque
992 450 1030 475 eo
1056 436 1200 487 dirigere
1226 436 1387 489 confitlta

99 503 216 540 omnia
240 502 387 540 debeat.-
416 512 489 552 quae
512 513 564 536 res
579 500 799 551 plerumque,
829 497 917 536 locis
944 510 1045 550 atque
1071 497 1275 549 temporibus
1296 496 1390 550 diffi-

98 564 226 602 cilibus
251 561 585 607 intervenientibus,
604 574 768 612 perquam
789 560 833 611 est
860 560 1101 597 incommoda:
1124 560 1308 611 imperator
1324 573 1389 596 vo-

97 625 154 663 bis
175 625 292 677 adest,
318 624 352 662 ὃ)
382 623 568 674 imperator
592 622 724 674 Caesar,
748 620 848 673 cujus
868 620 1033 672 promiffiz
1059 633 1235 670 nunquam
1246 617 1388 670 fefelle-

99 681 179 724 rurit
207 686 411 733 exercitum,
443 682 544 736 cujus
560 684 657 736 spem
679 696 856 735 nunquam
879 680 1015 734 fefellit
1047 682 1165 719 miles.-
1189 680 1300 717 locum
1324 694 1389 718 au.

104 757 168 784 tem
193 760 218 783 a
236 746 422 784 Pharnace
446 745 631 792 dekz‘lum,
659 758 728 782 non
753 744 863 796 magis
885 743 1024 795 hostilia
1048 743 1177 795 castra,
1204 756 1306 793 quam
1330 756 1391 778 no-

93 809 169 862 stra
197 809 406 847 muniturum
442 806 525 860 ff,
554 807 750 860 propediem
764 803 767 807 ’
781 807 965 859 ostendam.
1022 808 1094 844 Vos
1123 805 1254 842 interea
1288 817 1393 857 agge-

96 863 192 918 rem,
219 870 368 908 celeriter
390 870 468 922 usui
484 868 671 920 finarum,
694 867 788 905 intra
817 867 954 905 vallum
977 876 1193 918 comportate.

158 932 271 971 XXI.
302 931 427 971 Castra
452 930 657 970 Pharnacis
681 943 727 968 eo
748 930 816 969 situ
839 938 969 979 erant,
994 938 1036 968 ut
1063 928 1266 967 editiffimo
1297 926 1391 966 colii

103 991 278 1042 imposita
311 992 510 1042 praeruptis
542 991 705 1030 vallibus
740 992 991 1030 munirentur.
1027 990 1179 1030 easdem
1207 989 1324 1029 valles
1352 989 1390 1028 ei

105 1051 348 1090 munimento
383 1051 522 1100 pariter
550 1051 720 1099 futuras,
750 1051 814 1101 qui
839 1051 982 1090 diversa
1009 1065 1030 1090 a
1057 1059 1162 1101 parte
1187 1051 1306 1090 castra
1325 1064 1394 1100 op-

104 1112 309 1164 posuisset,
333 1112 454 1152 Caesar
482 1112 639 1161 videns,
667 1113 782 1152 dubia
811 1113 939 1153 adhuc
961 1114 1048 1152 luce
1078 1115 1118 1152 in
1142 1127 1228 1153 eum
1258 1113 1391 1152 locum

107 1175 245 1214 deferri
281 1182 567 1224 comportatum
596 1185 774 1223 aggerem
804 1173 939 1223 jubet,
963 1174 1095 1224 ibique
1124 1174 1240 1213 castra
1268 1174 1392 1213 muni-

105 1250 145 1277 re
171 1237 318 1288 incipit.
342 1237 395 1277 Ea
419 1250 458 1275 re
478 1235 694 1286 conspecta,
724 1235 934 1276 Pharnaces
949 1264 960 1285 ,-
978 1237 1100 1292 (nam
1126 1236 1230 1276 mille
1256 1239 1393 1276 admo-

104 1298 199 1338 dum
224 1298 397 1349 paffuum
419 1297 527 1337 vallis
555 1297 766 1348 intererat)
788 1299 982 1348 productis
1007 1299 1155 1349 copiis,
1184 1300 1305 1339 aciem
1332 1302 1391 1339 in-

108 1361 242 1402 struit:
279 1375 403 1413 neque
432 1370 699 1402 commovetur
726 1361 869 1409 Caesar,
903 1361 990 1411 quia
1023 1361 1130 1402 vallis
1161 1363 1391 1413 iniquissima

105 1425 306 1464 tranfitum
333 1424 594 1475 impediebat,
615 1436 721 1464 more
746 1424 865 1475 magis
889 1424 1057 1473 militiae,
1079 1438 1194 1475 quam
1216 1439 1393 1476 pugnan-

105 1487 146 1526 di
171 1486 325 1526 confilio
355 1487 482 1525 facere
509 1498 636 1537 regem
663 1494 828 1536 putans,
857 1494 901 1525 ut
931 1498 1029 1536 opus
1052 1485 1301 1536 prohiberet,
1324 1495 1390 1526 aut

54 1586 56 1588 .
104 1548 320 1587 ostenderet
347 1548 543 1589 fiduciam.
580 1549 655 1588 Sed
676 1547 765 1595 ille,
792 1548 868 1587 five
893 1547 969 1587 loci
996 1548 1180 1587 felicitate
1203 1549 1388 1598 confisus,

106 1609 181 1648 five
206 1607 382 1659 auspiciis
398 1639 410 1655 ‚
431 1617 475 1647 ut
499 1608 627 1659 postea
648 1609 820 1648 auditum
843 1609 918 1657 est,
937 1609 1009 1648 five
1031 1618 1233 1648 contemtu*
1258 1610 1391 1661 copia-

105 1682 219 1716 rum,
247 1681 339 1718 quas
363 1668 503 1710 vicerat
526 1670 651 1720 prius,
681 1671 716 1710 Sc
738 1671 908 1710 veterani
934 1669 988 1710 sui
1009 1671 1198 1710 exercitus
1223 1672 1390 1721 virtute,

105 1734 147 1773 in
171 1741 399 1785 praeruptam
425 1732 586 1781 vallem,
612 1745 684 1783 qua
715 1746 831 1772 nemo
862 1732 972 1772 sanus
1005 1733 1228 1773 demiffurus
1259 1735 1390 1785 copias

106 1794 358 1843 credebatur,
386 1793 609 1843 descendit,
633 1807 796 1844 eamque
828 1793 1073 1845 permensus,
1102 1796 1241 1835 eodem
1269 1798 1391 1847 gradu

106 1857 313 1898 ascendere
346 1869 414 1908 per
443 1857 637 1908 angustam
666 1859 701 1897 ἃ
727 1857 884 1896 arduam
910 1856 1084 1896 semitam
1118 1858 1250 1907 coepit.

160 1919 295 1960 XXII.
311 1919 451 1968 Caesar,
469 1920 688 1974 incredibili
711 1919 826 1959 hostis
842 1919 1003 1961 audacia
1022 1919 1215 1970 oppressus
1230 1950 1240 1968 ‚
1255 1922 1388 1960 omnia

107 1980 219 2022 fimul
239 1993 350 2031 agere
374 1981 566 2021 necessum
593 1981 786 2030 habebat3
813 1993 991 2021 revocare
1016 1981 1064 2023 ab
1093 1994 1208 2031 opere
1234 1981 1389 2030 milites,

107 2056 212 2084 arma
247 2043 379 2092 jubere
408 2056 571 2094 capere,
598 2044 780 2083 instruere
813 2052 978 2083 armatos
999 2074 1009 2091 ,
1043 2046 1101 2092 ὃς,
1129 2044 1221 2094 quid
1241 2044 1387 2094 ubique

106 2106 189 2146 fieri
214 2105 354 2154 vellet,
388 2107 594 2149 ostendere.
624 2107 782 2147 Interim
809 2105 941 2146 falcati
970 2118 1100 2146 currus
1125 2106 1221 2157 regis
1246 2106 1389 2145 adfue-

107 2177 227 2217 runt3
256 2170 291 2208 ἅ
317 2178 474 2220 propter
499 2170 740 2220 iniquitatem
766 2169 867 2217 loci,
891 2182 1123 2219 quamquam
1153 2181 1173 2207 a
1195 2168 1390 2219 trepidan-

108 2232 212 2271 tibus
229 2262 240 2279 ,
271 2231 517 2274 multitudine
548 2232 713 2272 telorum
743 2232 847 2272 haud
874 2231 1079 2271 difficulter
1104 2230 1265 2282 oppreffi
1288 2231 1386 2271 sunt.

111 2296 246 2336 Secuta
265 2294 317 2345 est
341 2295 441 2334 acies
465 2294 653 2343 hostium3
683 2308 808 2345 neque
823 2294 973 2334 turbata
995 2294 1149 2332 suorum
1175 2293 1281 2341 casu,
1299 2306 1389 2331 con-

109 2356 211 2396 flixit
234 2355 380 2398 acriter.
424 2356 498 2396 Sed
529 2357 616 2406 quia
642 2357 682 2394 in
711 2355 914 2395 subeuntes
944 2355 1022 2406 pila
1051 2368 1098 2394 ex
1126 2355 1230 2394 edito
1261 2356 1389 2402 conji-

111 2417 331 2467 ciebantur‚
358 2417 438 2457 cito
465 2428 611 2458 mutata
640 2417 764 2469 proelii
793 2419 845 2458 est
874 2419 994 2459 ratio:
1021 2417 1225 2468 praesertim
1255 2417 1385 2456 dextro

159 2531 182 2582 5
206 2529 297 2569 XXI«
328 2531 418 2568 Hm.
442 2532 482 2569 de
506 2532 541 2566 B,
566 2532 663 2568 Alex.
684 2543 713 2567 c(
738 2541 790 2576 53.
