1685 3042
305 209 403 256 290
470 192 563 239 JO.
607 188 1107 235 FREINSHEMII
1149 186 1500 234 SUPPLEM.

306 303 447 355 longius
472 316 495 338 a
526 298 745 337 munimentis
785 297 1030 349 discederetur,
1065 309 1132 347 quo
1168 295 1203 333 δ’
1228 305 1383 346 receptus
1405 292 1554 346 facilior
1576 304 1597 330 e

301 364 495 420 propinquo
515 361 611 407 loco,
639 361 674 399 ἐξ·
691 360 848 397 validior
859 359 898 396 in
922 358 1032 410 hostes
1057 358 1202 409 impetus
1226 370 1272 394 ex
1282 356 1455 408 ficperiore
1469 355 1564 407 fhret
1578 383 1594 403 ‚

302 424 484 478 proelium
514 421 718 461 conseruit.
757 419 886 461 Multa
911 420 1086 469 utrinque
1112 418 1217 457 caede
1251 424 1467 467 pugnatum
1499 427 1594 454 con-

303 490 400 529 stat:
432 486 626 528 obstinatis
654 485 834 535 utrinque
859 483 1019 531 animis,
1041 494 1130 521 curn
1155 480 1294 520 alteros
1316 480 1438 519 fames
1463 481 1498 518 &
1523 490 1595 516 ne-

299 552 451 592 ceffitas
485 550 735 595 accenderet,
761 547 900 586 alteros
935 546 1085 595 pudor,
1119 557 1167 582 ne
1195 542 1427 593 &sumsisse
1448 550 1594 581 temere

302 614 486 665 proelium
504 643 515 658 ,
547 613 582 651 Sc
609 609 795 660 ignaviter
818 605 1026 645 sustinuisse
1057 604 1290 643 viderentur.

358 676 471 716 XIX.
506 673 642 713 Brutus
677 681 766 707 cum
790 666 875 714 his,
900 677 996 716 quos
1028 663 1159 703 secum
1182 662 1374 712 habebat,
1405 663 1593 703 sinistrum

301 739 472 779 hostiurn
509 747 627 774 cornu
659 729 824 781 impulit.
858 731 919 776 ἃ,
946 727 1117 778 gnaviter
1148 726 1422 774 adjuvantibus
1449 727 1594 776 equiti-

302 802 375 843 bus
391 832 401 849 ,
427 798 573 839 feciffet
599 807 722 846 operae
745 793 910 844 pretium
926 821 937 840 ‚
970 791 1010 830 ni
1031 789 1267 840 reliquorum
1297 789 1390 840 fuga
1419 789 1592 829 desertus

302 866 417 905 foret.
443 863 545 902 Nam
573 859 637 909 qui
665 860 705 897 in
721 857 816 896 laevo
836 857 919 905 ejus
946 854 1064 894 latere
1088 853 1331 900 adstiterant,
1356 852 1438 902 post
1463 863 1594 891 acrem

301 937 500 978 pugnam,
521 921 732 971 relinquere
756 919 934 966 ordines,
959 917 1129 956 deserere
1148 916 1270 966 signa,
1295 914 1484 964 postremo
1503 926 1597 952 con-

299 989 393 1028 feffa
412 989 490 1036 J‘am
512 985 603 1034 fuga
625 983 747 1033 spargi
773 988 984 1031 coeperunt.
1010 979 1058 1019 Et
1081 978 1241 1019 victoria
1266 977 1367 1027 prior
1390 975 1494 1014 Bruti
1517 974 1594 1014 cla..

303 1051 362 1090 dis
389 1049 504 1098 hujus
539 1047 617 1085 fere
643 1042 754 1082 causa
790 1049 904 1090 atque
937 1042 1093 1081 initium
1130 1039 1281 1080 exstitit,
1314 1038 1469 1088 Quippe
1496 1049 1597 1088 quos

302 1120 387 1152 tum
412 1110 478 1148 ille
500 1108 645 1147 vicerat
671 1105 818 1152 hostes,
850 1099 1022 1153 plerique
1050 1096 1338 1136 occubuerant:
1368 1108 1407 1135 at
1428 1096 1593 1136 Cassiani

299 1175 393 1213 vic'ti
422 1173 540 1212 iidem
580 1167 815 1214 servatique,
846 1175 930 1203 tum
967 1172 1120 1211 quoque
1147 1158 1362 1197 retinebant
1394 1158 1595 1208 pristinum

299 1247 509 1288 pavorem,
541 1241 665 1280 eoque
701 1226 886 1276 reliquam
922 1225 1039 1262 etiam
1069 1222 1192 1261 aciem
1233 1220 1286 1259 sui
1317 1221 1464 1260 timoris
1492 1234 1594 1260 con-

298 1292 614 1342 sternationisque
651 1287 917 1339 complebant.
957 1285 1018 1325 Ibi
1054 1283 1164 1323 multi
1205 1282 1367 1333 insignes
1404 1282 1473 1320 viri
1505 1282 1594 1320 stre-

299 1371 378 1398 nue
401 1353 609 1407 pugnando
643 1359 806 1390 mortem
835 1348 997 1394 mereri,
1026 1359 1139 1396 quam
1165 1343 1352 1394 superesse
1383 1343 1590 1394 deploratae

299 1417 544 1470 reipublicae,
571 1414 798 1454 maluerunt.
827 1412 925 1450 inter
944 1422 1037 1459 quos
1063 1411 1097 1447 δε
1124 1406 1311 1448 Uticenfis
1338 1405 1438 1443 filius
1467 1406 1588 1453 Cato,

297 1483 383 1534 post
419 1479 610 1531 egregiam
648 1486 846 1526 pugnam,
892 1473 1102 1520 crebroque
1138 1469 1318 1519 repetitos
1359 1468 1588 1516 conflictus,

301 1547 431 1585 demta
456 1541 561 1593 galea
585 1538 701 1590 patris
718 1548 862 1576 nomen
881 1535 984 1574 ciens
999 1564 1010 1582 ,
1037 1544 1133 1571 voce
1154 1530 1263 1570 fimul
1286 1542 1479 1580 manuque
1504 1542 1590 1580 pro-

300 1606 456 1647 vocavit
488 1604 624 1642 fatum.

358 1667 453 1707 XX.
485 1665 622 1714 Neque
655 1658 841 1700 diffimssis
877 1657 951 1696 fuit
990 1655 1112 1694 exitus
1150 1654 1190 1694 L.
1214 1652 1350 1699 Casili,
1382 1653 1446 1703 qui
1473 1652 1589 1691 fratre

299 1726 540 1779 imperatoris
566 1731 646 1763 erat
668 1722 834 1773 genitus.
861 1719 1076 1768 eademque
1102 1716 1258 1755 fortuna
1286 1714 1507 1764 praefeeium
1529 1713 1588 1752 fa.

301 1792 416 1831 brum
444 1788 641 1833 Flavium,
673 1784 847 1835 apprime
881 1788 1028 1832 gratum
1061 1779 1207 1825 Bruto,
1233 1775 1396 1816 abstulit.
1435 1776 1589 1815 Marcus

302 1853 421 1892 etiam
456 1848 660 1895 Lucullus,
703 1842 989 1884 eminentissimi
1023 1841 1112 1879 civis
1145 1838 1268 1888 filiUS,
1299 1839 1457 1878 Antonii
1490 1836 1589 1887 juss'u

300 1915 552 1958 interemtus,
575 1911 622 1951 T.
645 1907 853 1948 Volumnio
880 1903 1062 1955 supplicii
1088 1900 1239 1941 causam
1271 1899 1445 1951 praebuit.
1484 1900 1588 1938 Nam

300 1975 335 2014 is
360 1976 398 2012 in
429 1984 567 2023 magna
593 1968 770 2020 fugiendi
799 1965 954 2006 licentia
987 1962 1212 2013 complexus
1248 1962 1361 2000 amici
1400 1961 1590 2008 cadaver,

301 2038 423 2078 nimia
450 2039 484 2076 ἃ
509 2034 697 2085 pertinaci
715 2029 994 2070 lamentatione
1019 2026 1161 2065 milites
1195 2025 1358 2071 excivit,
1388 2033 1430 2062 ut
1454 2025 1500 2062 ab
1528 2022 1589 2062 his

303 2099 354 2138 ad
385 2096 594 2137 Antonium
630 2091 929 2144 protraheretun-
954 2087 1020 2127 ubi
1045 2086 1081 2126 se
1112 2084 1296 2137 profeffus
1329 2088 1495 2122 amorem
1518 2084 1593 2121 Lu-

302 2159 396 2198 cullo
410 2159 584 2212 sumendae
605 2155 764 2202 militia,
785 2155 819 2192 ξφ·
838 2152 947 2205 juxta
972 2150 1118 2188 amicum
1146 2148 1334 2186 occumbere
1353 2155 1514 2196 optanS,
1539 2158 1587 2184 eo

305 2222 519 2266 deductus,
550 2219 723 2257 dextram
748 2212 896 2254 Luculli
927 2211 1114 2251 osculatus
1140 2209 1211 2257 est;
1241 2211 1276 2248 <Sc
1301 2209 1453 2257 capite,
1481 2207 1587 2256 quod

304 2281 506 2323 abscill‘um
526 2279 702 2330 jacebat,
721 2279 767 2316 ad
792 2278 921 2327 peetus
944 2273 1117 2325 appresso
1132 2304 1142 2321 ,
1167 2272 1354 2310 cervicem
1379 2268 1583 2320 perculsori

304 2344 483 2396 praebuit.
506 2342 579 2382 Alii
599 2341 710 2380 rebus
727 2340 888 2390 perditis
915 2337 978 2375 sua
999 2346 1064 2375 aut
1085 2334 1328 2374 familiarium
1353 2345 1466 2371 manu
1484 2344 1585 2381 quae·

270 2460 272 2463 v
304 2409 471 2448 siverunt
495 2417 641 2444 necem.
672 2415 833 2454 quorum
860 2401 1012 2449 Labeo,
1029 2401 1085 2438 vir
1100 2399 1298 2450 egregius,
1321 2397 1466 2447 legatus
1491 2393 1589 2434 Bru*

349 2526 373 2570 5
399 2524 528 2561 XVIII.
551 2523 639 2556 Ποῖ.
665 2535 704 2566 4,
724 2532 753 2564 5.
774 2520 918 2568 Appiam.
946 2517 1034 2554 Plut.
1057 2517 1079 2563 §
1104 2515 1191 2554 xlx.
1215 2515 1302 2549 Plnt.
1322 2513 1401 2549 Dio.
1425 2512 1572 2557 Appian-
