1685 3042
248 214 366 272 ‘IN
405 227 569 304 roc,
602 230 731 277 ΜΒ.
773 232 926 279 cxvi
974 239 1109 284 mv,
1164 296 1167 301 y
1285 238 1343 304 83

66 329 187 369 latum
215 331 367 372 clavum
398 333 582 374 offerente
612 336 779 387 Caesare,
807 340 1016 397 studiorum
1050 343 1210 385 obtentu
1242 361 1351 398 repu-

66 391 195 432 diavit.
232 393 428 442 Quosdam
449 395 563 435 etiam
590 396 715 436 infimi
742 401 889 449 generis
911 405 1088 451 provexit
1108 407 1154 444 ad
1180 406 1351 448 summos

65 451 254 495 honores:
281 465 471 505 monetae,
492 458 734 510 publicisque
766 461 1018 511 vec'rigalibus
1041 466 1249 514 peculiares
1277 469 1354 508 ser-

66 528 134 555 vos
147 517 375 567 praeposuit:
398 520 514 559 trium
531 520 728 570 legionum
740 551 750 569 ,
769 535 861 572 quas
877 523 1117 566 Alexandriae
1134 528 1351 580 reliquerat,

65 588 195 617 curam
223 581 258 618 Sc
286 580 514 631 imperium,
542 582 694 622 exoleto
726 583 818 634 suo,
850 585 978 626 Rufini
1004 587 1131 628 liberti
1158 589 1214 629 sui
1244 591 1354 642 filio,

67 637 271 678 commifit.

121 699 208 741 XV.
238 700 332 740 Haec
360 715 514 754 quoque
541 705 647 744 vanis
673 706 833 746 vocibus
856 707 960 747 ultus
983 709 1036 748 est
1065 710 1253 761 populus,
1274 712 1354 754 hoc

67 767 216 800 tantum
236 762 443 813 assecutus,
468 773 511 805 ut
536 768 571 806 &
593 767 672 818 pati
698 768 803 818 posse
827 772 970 820 quaevis
997 773 1157 824 indigna
1175 776 1210 814 ὁὶ
1234 776 1359 815 moie-

66 825 120 865 sta
141 827 384 875 judicaretur.
411 829 504 869 Ideo
528 831 656 870 Gallos
682 824 770 872 Idem
799 835 836 872 in
857 836 1064 887 triumphum
1090 849 1193 889 atque
1211 840 1357 887 curiam,

69 889 231 940 deposttis
261 889 417 937 braccis,
443 891 516 930 lato
539 892 641 930 clavo
663 893 804 944 fizmt0‚
829 896 964 948 duxiffe
998 896 1228 939 canebatur:
1251 900 1287 938 ὃς
1306 898 1360 937 li—

70 948 193 988 bellus
226 945 278 988 cst
303 951 520 1001 propofitus
552 954 591 991 in
627 953 725 994 hanc
753 956 946 998 formam:
978 959 1102 997 bonum
1120 960 1267 1010 saelum.
1315 974 1363 999 ne

70 1011 151 1062 quis
172 1012 330 1063 senatori
355 1028 449 1051 novo
472 1014 603 1054 curiam
627 1020 808 1071 monstrare
831 1020 924 1058 velit.
946 1019 1039 1060 Haec
1061 1019 1125 1059 ille
1153 1021 1202 1060 fic
1223 1021 1359 1061 defen·

72 1070 212 1121 debat,
240 1081 283 1112 ut
311 1073 456 1113 diceret
484 1074 632 1125 palam,
646 1080 685 1128 st
706 1079 934 1131 graffiztorum
959 1083 994 1120 ᾧ
1010 1083 1212 1132 ficariorum
1238 1099 1301 1137 ope
1321 1084 1363 1124 itz

69 1133 200 1170 tuenda
230 1134 404 1186 dignitate
435 1137 519 1187 usus
543 1137 620 1188 affec
635 1167 647 1185 ,
673 1140 809 1176 talibus
832 1141 934 1178 etiam
953 1143 991 1194 s&
1005 1157 1123 1194 parem
1145 1146 1298 1196 gratiam
1312 1159 1364 1182 re-

69 1194 233 1236 laturum.
267 1197 342 1237 Sed
368 1197 407 1236 in
436 1197 645 1248 allegendis
671 1202 832 1250 patritiis
853 1203 929 1241 fuit
950 1202 1145 1253 aliquanto
1173 1205 1360 1256 severior:

70 1258 112 1296 in
137 1271 232 1308 quos
259 1260 295 1298 8<
322 1259 364 1299 C.
397 1261 602 1301 Octavium
628 1271 848 1312 recepturus
874 1271 978 1312 erat,
1003 1266 1236 1307 cariffimum
1263 1270 1362 1318 fibi;

72 1320 109 1359 δι
132 1321 290 1361 maximi
317 1324 443 1363 meriti
473 1324 618 1371 virum,
646 1338 770 1376 neque
792 1326 985 1376 pollutum
1015 1329 1062 1368 ab
1090 1329 1260 1381 indignis
1286 1333 1367 1377 ho-=

69 1396 204 1424 norem
234 1386 422 1436 patienter
450 1387 641 1436 laturum,
671 1388 727 1428 M.
754 1389 1008 1439 Ciceronem,
1030 1390 1114 1442 lege
1141 1393 1272 1434 Caffia.

136 1446 241 1486 XVI.
283 1447 488 1498 Adseripfit
514 1458 643 1489 autem
671 1458 851 1500 praeterea
891 1451 1107 1492 consulares
1135 1468 1293 1505 omnes,
1324 1459 1364 1498 Sc

72 1519 138 1547 eos
151 1538 161 1556 ,
177 1508 239 1558 qui
263 1520 351 1547 cum
370 1508 532 1559 imperio
556 1511 603 1549 ad
621 1511 809 1550 exercitus
831 1512 996 1551 fuerant.
1014 1515 1090 1553 Sed
1107 1517 1142 1555 ἃ
1163 1518 1252 1556 viris
1268 1531 1364 1568 prae-

70 1569 179 1608 toriis
212 1570 347 1609 decem
384 1571 597 1612 consularia
637 1583 860 1613 ornamenta
896 1576 1038 1615 tribuit.
1082 1577 1199 1626 Quod
1234 1589 1365 1622 autem

74 1632 214 1671 dimiffi
237 1634 395 1683 quidam
423 1635 602 1682 fuerunt,
631 1649 727 1687 quos
749 1637 986 1677 accusatores
1012 1650 1277 1691 corruptorum
1302 1646 1367 1692 ju·-

76 1695 265 1736 diciorum
299 1699 569 1747 conviCerant,
597 1700 636 1739 id
661 1701 811 1739 crimini
849 1703 981 1741 datum
1009 1704 1061 1743 est
1090 1704 1250 1754 Caesari,
1278 1715 1367 1746 tan-

76 1770 192 1808 quam
216 1758 388 1808 pecuniae
412 1759 522 1799 causa
544 1762 604 1810 jus
628 1761 817 1802 violasset:
839 1775 959 1813 euque
974 1760 1135 1814 suspicio
1157 1766 1367 1807 vehemen-

74 1820 153 1858 tius
182 1822 312 1869 aucta,
344 1820 544 1871 postquam
581 1822 666 1861 loca
703 1823 883 1873 publica,
916 1837 986 1863 nec
1019 1826 1180 1875 profana
1221 1830 1363 1879 modo,

73 1878 141 1919 sed
168 1881 284 1920 etiam
322 1880 424 1921 sacra
455 1882 631 1932 qur-edam
661 1881 823 1932 subjecit
862 1882 985 1923 hastae.
1017 1884 1198 1926 Certabat
1233 1899 1364 1929 tamen

74 1941 131 1980 ibi
156 1954 308 1992 quoque
325 1954 414 1982 cum
429 1943 637 1993 rapacitate
654 1943 845 1994 profufi03
867 1944 1069 1996 multisque
1082 1949 1242 1996 grandes
1265 1950 1363 1990 sum..

75 2017 149 2044 mae
177 2005 347 2053 donatae,
373 2014 439 2044 aut
471 2006 638 2045 minimis
668 2006 821 2046 addista
859 2006 944 2060 sunt
968 2007 1161 2049 luculenta
1196 2013 1363 2062 praedia;

77 2068 379 2118 notumqueest
413 2068 608 2108 Ciceronis
649 2070 821 2118 dictum,
852 2070 1075 2111 mirantibus
1108 2073 1362 2124 amplissimos

75 2128 220 2168 fundos
249 2130 413 2168 minimo
443 2130 632 2169 abstulisse
655 2141 814 2170 matrem
842 2131 1114 2180 Serviliorum,
1143 2149 1209 2186 quo
1237 2137 1366 2174 melius

77 2203 200 2229 emtum
227 2193 380 2245 sciatis,
412 2194 512 2231 tertia
543 2195 686 2232 dedur‘la
717 2195 771 2246 est.
816 2194 902 2234 Erat
933 2204 1061 2233 autem
1089 2195 1203 2244 Junia
1232 2197 1362 2238 Tertia

79 2252 244 2293 Serviliae
264 2252 343 2292 filia
362 2253 402 2293 C.
426 2253 540 2293 Crassi
564 2267 685 2296 uxor:
713 2268 827 2306 quam
854 2255 1029 2307 &ipsam
1056 2257 1259 2299 conciliare
1283 2260 1363 2300 Cae.

78 2314 149 2355 sari
172 2325 294 2356 mater
325 2317 564 2357 credebatur.

140 2421 161 2465 §
184 2422 276 2455 X1V.
300 2422 381 2458 Dio.
404 2425 547 2458 Sueton.
568 2426 601 2458 in
626 2425 709 2461 Caes.
736 2438 765 2462 c.
793 2437 835 2466 77.
863 2427 967 2467 8176.
994 2428 1048 2461 Jo.
1074 2428 1234 2463 sarisber.
1259 2441 1297 2471 ²,
1320 2441 1359 2472 ¹4

82 2477 125 2499 ex
154 2467 303 2500 Macrob.
322 2470 489 2502 Satur-nal.
517 2482 558 2509 2,
588 2483 617 2511 3.
645 2473 665 2510 Ε
692 2473 767 2505 XV.
791 2472 933 2507 Sueton.
960 2475 994 2505 in
1025 2473 1109 2505 Caes.
1140 2475 1214 2508 Nic.
1238 2473 1360 2508 Dama·-

83 2509 173 2543 scen.
209 2513 229 2556 §
256 2513 349 2546 XVI.
371 2515 514 2548 Diodor.
542 2518 563 2548 1.
591 2526 631 2558 43
646 2509 688 2550 ³&
711 2517 765 2560 46.
786 2519 928 2553 Sueten.
952 2519 985 2551 in
1008 2518 1091 2551 Caes.
1118 2530 1146 2552 c.
1174 2530 1236 2561 50,
1263 2531 1305 2562 54
1330 2521 1364 2554 &

81 2558 138 2596 76.
167 2556 321 2594 Mactob.
340 2558 514 2595 Saturnal.
540 2572 579 2602 2,
604 2572 635 2597 1.

1046 2610 1135 2655 F:-
