1685 3042
314 249 392 296 IN
431 247 607 295 LOC.
649 247 788 291 ΜΒ.
822 244 981 290 cxlx
1039 237 1178 292 mv.
1309 259 1390 304 171

125 357 239 406 dere,
267 356 374 396 ficuti
398 364 479 394 tum
503 355 605 404 figna
630 363 758 400 erant,
783 365 861 392 non
892 352 1115 400 deterritus,
1141 353 1181 391 in
1207 352 1321 391 castra
1343 363 1403 390 re-

124 417 302 467 portavit.
330 416 534 456 vietoriam
557 414 717 453 absolvit
744 414 790 453 D.
808 413 915 454 Bruti
942 414 1116 462 eruptio,
1140 415 1203 451 cui
1227 415 1321 451 inter
1342 412 1404 450 di.

126 480 231 520 versa
263 481 427 532 partium
463 478 584 517 studia
601 508 612 526 ,
642 477 801 529 quidam
834 477 988 524 omnia,
1014 476 1189 515 nonnulli
1211 476 1308 515 nihil
1333 475 1405 514 tri-

125 540 303 581 buerunt.
335 541 409 580 His
436 537 581 589 proeliis
606 541 642 578 ἃ
671 538 787 576 robur
810 539 846 577 ἀ
874 536 1025 576 soboles
1054 536 1220 576 militum
1242 535 1406 575 interiffe

125 600 202 640 visa
235 600 298 645 est.
337 601 409 639 viri
436 613 590 651 quoque
618 599 777 640 illustres
815 599 926 637 multi
956 599 1205 646 ceciderunt,
1228 597 1405 647 inprimis

127 662 262 702 consul
287 669 603 717 uterque,(nam
631 666 666 704 &
689 663 804 703 Pansa
828 676 876 702 ex
898 661 1117 702 vulneribus
1140 662 1191 700 est
1207 660 1408 713 mortuus)

127 727 163 764 &
187 725 227 764 L.
246 725 434 775 Fabatus,
469 728 504 766 &
529 726 571 766 C.
594 726 800 766 Peducaeus
815 756 827 772 ‚
847 727 885 765 ἃ.
912 725 959 766 D.
978 724 1203 765 Carfulenus
1218 754 1229 773 ,
1256 726 1291 763 δε
1311 724 1409 764 Pon-

126 786 201 826 tius
222 788 370 838 Aquila.

182 859 306 899 XVII.
336 860 502 899 Noctem
527 859 745 910 proximam
773 866 907 897 mutuo
933 866 1038 898 metu
1070 858 1249 907 utrinque
1271 866 1411 904 exege-

129 931 218 961 runt
242 922 280 960 in
312 924 440 961 armis.
464 924 512 962 At
543 924 754 969 Antonius,
782 925 927 961 vocatis
955 923 995 961 in
1018 921 1217 960 confilium
1247 918 1408 964 amicis,

131 996 366 1034 quamquam
396 984 567 1035 plerique
602 984 821 1033 censerent,
857 987 1063 1023 manendum
1085 984 1170 1036 ff,
1190 997 1260 1021 non
1287 980 1412 1033 majori

131 1059 272 1097 accepta
285 1075 295 1093 ‚
320 1061 426 1097 quam
449 1047 604 1093 reddita,
627 1047 726 1084 clade
740 1077 750 1093 ⁷
766 1047 913 1084 ducibus
933 1048 1074 1099 hostium
1092 1046 1233 1096 occisis,
1256 1044 1412 1096 equitatu

123 1107 243 1159 salvo,
262 1108 297 1146 δ’
309 1108 460 1146 Mutina
472 1109 523 1145 ad
535 1120 720 1146 extremum
733 1109 895 1156 dedubla;
910 1110 1010 1146 Recte
1025 1109 1159 1160 quidem
1170 1121 1255 1153 vos,
1270 1103 1413 1154 inquit,

129 1169 309 1220 confiditis
322 1184 340 1217 ‚·
358 1170 477 1222 plures
503 1170 593 1207 enim
610 1170 772 1207 habemus
794 1171 964 1222 sperandi
983 1170 1108 1221 causus
1123 1185 1135 1208 .·
1147 1169 1214 1220 fid
1230 1167 1415 1219 obsequen-

130 1234 212 1270 dum
241 1232 404 1270 Portunae
437 1231 506 1283 est,
543 1245 615 1282 quae
645 1231 791 1271 νὶέῗονὶιε
829 1232 929 1270 nobis
968 1232 1058 1268 hanc
1090 1231 1256 1282 obstruxit
1292 1230 1413 1267 viam,

132 1294 231 1331 alias
259 1296 391 1344 aperuit
417 1293 635 1345 munivitque.
667 1295 780 1331 Modo
799 1307 1008 1345 perrumpere
1032 1292 1069 1329 in
1102 1291 1263 1343 oppidum
1289 1290 1415 1328 volue-

131 1368 214 1391 runt
235 1356 355 1405 hostes.
372 1355 449 1405 five
468 1354 555 1392 idem
577 1354 752 1405 confilium
775 1355 887 1392 denuo
909 1365 1013 1392 tentet
1035 1353 1251 1405 Caefizr‚five
1274 1353 1416 1391 circum·

129 1416 266 1455 vallare
296 1431 360 1454 nos
384 1416 560 1466 incipiat,
585 1418 678 1468 quod
705 1418 767 1455 erit
789 1417 819 1454 ei
841 1428 980 1468 propter
1003 1415 1255 1453 multitudinem
1287 1429 1416 1466 opera-

131 1491 205 1514 rum
230 1477 329 1515 haud
346 1477 507 1530 difficile,
535 1478 573 1515 in
597 1479 686 1514 arao
709 1492 758 1516 res
783 1478 900 1530 nostrae
926 1489 1043 1524 erunt,
1066 1477 1223 1514 omnibus
1243 1475 1333 1514 circa
1351 1477 1411 1513 lm-

125 1536 288 1588 flilibus‚
317 1537 353 1575 δ’
373 1537 549 1587 equitatus
572 1538 636 1589 usu
659 1538 805 1575 ademto.

190 1605 333 1645 XVIII.
366 1607 437 1644 Sed
458 1606 492 1644 δ’
512 1607 571 1644 Μ.
595 1606 775 1656 Lepidus,
797 1605 832 1644 δ’
853 1607 896 1645 L.
921 1607 1082 1645 Plancus
1110 1622 1160 1645 me
1178 1621 1243 1659 pro
1266 1621 1330 1659 pro
1355 1606 1415 1643 vi-

135 1669 187 1706 ἐῖο
208 1678 418 1705 contemnent
430 1664 446 1713 ,’
469 1665 526 1714 θ’,
553 1678 593 1704 ut
605 1666 698 1718 sblet
716 1667 917 1719 infelicibus
933 1698 944 1715 ,
964 1684 1008 1708 ex
1026 1668 1150 1706 amicis
1171 1669 1279 1720 hostes
1302 1668 1337 1705 6»
1358 1666 1419 1704 illi

128 1731 231 1780 fient.
255 1731 311 1767 At
326 1729 363 1778 st
385 1729 568 1766 Mutinam
592 1729 812 1781 relinquimus
829 1758 840 1776 ‚
867 1744 948 1768 mox
979 1745 1054 1768 cum
1083 1731 1195 1768 tribus
1220 1729 1415 1781 legionibus

129 1790 211 1844 suis
245 1789 432 1827 Ventidius
456 1790 590 1829 aderit:
619 1790 772 1841 Lepidus
795 1791 897 1828 etiam
922 1792 957 1830 ἐξ»
981 1792 1141 1830 Plancus
1169 1791 1313 1830 auxilia
1335 1805 1416 1828 ma-

134 1866 208 1904 gna
233 1853 268 1892 6⁹
282 1852 388 1902 fitma
403 1851 723 1904 subministrabunt.
748 1853 856 1904 Quod
875 1854 984 1906 igitur
1004 1854 1087 1892 bene
1110 1866 1222 1892 vertat
1236 1883 1247 1901 ‚
1268 1867 1416 1906 paratos

137 1915 258 1954 habete
278 1915 328 1952 ad
349 1914 414 1951 iter
438 1914 565 1952 milites
574 1929 591 1961 ,·
618 1913 652 1951 6³
674 1915 757 1966 quia
782 1915 903 1953 multis
927 1931 1023 1954 arma
1045 1917 1194 1969 desunt,
1218 1931 1282 1968 pro
1301 1917 1416 1968 scutis·

139 1974 282 2016 cortices
308 1975 479 2015 dabimus.
512 1976 606 2014 Haec
630 1975 806 2023 locutus,
839 1989 918 2014 non
946 1990 1087 2027 magno
1110 1977 1192 2027 post
1213 1975 1416 2015 intervallo

143 2036 269 2075 castris
299 2036 482 2087 egressus,
512 2037 561 2076 ad
595 2036 709 2087 Alpes
736 2039 886 2088 magnis
910 2038 1109 2077 itineribus
1136 2038 1348 2077 contendit.
1368 2039 1418 2077 At

140 2098 325 2140 Decimus
339 2128 350 2146 ‚
369 2093 507 2137 timore
529 2099 683 2138 Antonii
709 2097 908 2148 liberatus,
923 2100 1104 2140 Caesarem
1132 2110 1300 2139 metuere
1324 2100 1423 2138 inci-

138 2160 277 2210 piens,
300 2161 419 2199 noctu
447 2160 619 2210 abruptis
644 2160 751 2200 fluvii
777 2162 986 2211 pontibus,
1013 2163 1061 2200 ad
1086 2173 1175 2199 eum
1202 2171 1326 2198 certos
1351 2160 1421 2198 ho-

142 2221 267 2260 mines
294 2220 414 2269 mitit,
435 2221 570 2271 gratias
603 2232 787 2271 tanquam
811 2223 988 2263 servatori
1019 2237 1157 2274 agens,
1187 2223 1420 2272 petensque,

142 2295 182 2323 ut
200 2283 385 2336 fitccedens
410 2287 461 2324 ad
481 2285 592 2336 ripam
607 2315 618 2333 a
637 2287 786 2336 flumine
808 2288 942 2335 medio,
971 2289 1007 2326 6»
1032 2289 1168 2326 civibus
1192 2289 1353 2333 arbitris,
1376 2288 1417 2324 in

143 2346 353 2398 colloquium
381 2347 514 2388 veniat.
546 2348 592 2385 Se
620 2348 708 2386 enim
738 2350 842 2387 certis
876 2350 1023 2388 indiciis
1056 2351 1327 2398 declaraturum,
1348 2363 1419 2387 non

191 2485 214 2529 ς
240 2487 444 2525 XV1.Flor
466 2500 558 2530 4‚4.
581 2490 720 2525 Sueton.
744 2490 927 2525 Herodian.
951 2492 1021 2530 cic.
1048 2493 1086 2525 ad
1111 2493 1204 2526 Brut.
1226 2502 1280 2537 ep.
1303 2502 1367 2532 24,
1383 2489 1418 2524 &

144 2538 297 2574 &miliana
325 2551 382 2583 ιι,
407 2553 456 2584 ¹4
483 2541 805 2587 §XV11.Appian.
