1685 3042
256 169 365 219 'IN
403 170 571 218 LOC.
616 170 756 217 LIB.
808 171 962 217 CXIV
1009 173 1154 220 LIV.
1269 191 1334 239 47

67 277 143 327 tis,
177 278 217 317 in
254 277 382 318 villam
418 277 522 316 suam
565 275 762 315 discedit:
807 277 945 316 deinde
980 277 1117 318 similes
1157 287 1336 331 expertus

63 338 240 379 omnium
279 340 474 378 civitatum
506 337 653 376 animos
672 366 682 384 ‚
713 337 796 387 post
826 337 1050 387 magnificas
1079 339 1210 389 epulas
1237 343 1336 382 ferro

61 411 152 438 cum
186 400 333 449 Petrejo
366 399 582 445 concurrit,
614 406 658 436 ut
689 410 756 448 per
781 399 963 438 virtutem
997 399 1188 440 interfecti
1225 403 1340 441 vide-

61 469 203 510 rentur.
231 462 397 509 Petrejus
424 459 612 498 valentior
634 458 749 497 facile
772 459 940 498 confecit
959 459 1124 508 Jubam,
1142 461 1220 511 ipse
1243 463 1341 504 servi

61 520 119 559 sui
149 534 262 560 manu
284 522 438 560 «invenit
465 534 612 560 necem.
645 521 746 561 Dum
771 520 852 560 haec
876 530 1058 572 aguntur,
1084 522 1235 563 Caesaris
1263 526 1342 564 for..

60 587 155 621 tuna
188 581 362 621 trahente
392 584 544 630 omnia,
569 582 767 622 Considius
798 595 818 621 e
835 582 1055 622 Tisdritano
1083 584 1253 634 oppido,
1276 586 1342 625 cui.

61 651 246 693 praeerat,
273 656 360 682 cum
390 643 545 684 Gaetulis
573 645 702 694 paucis
729 644 766 681 in
793 656 952 694 regnum
979 644 1197 694 profectus,
1225 659 1246 685 a
1273 658 1341 685 co·

59 706 220 745 mitibus
254 706 347 756 suis,
385 709 449 757 qui
481 707 717 746 succinstum
753 707 916 756 pecunia
946 706 1131 755 senserat,
1158 707 1339 746 interfici-

60 775 147 809 tur:
187 770 229 809 C.
252 770 432 821 Virgilius
458 770 619 810 Caninio
648 769 782 810 Rebilo
807 768 1059 821 proconsule,
1086 782 1108 810 a
1132 783 1208 821 quo
1237 770 1341 811 Tha.

57 832 114 883 psi
146 831 414 881 obsidebatur,
439 831 476 871 se
506 832 669 871 dedidit.

114 893 255 934 LXIII.
282 895 318 934 P.
342 894 481 942 Sirius,
510 894 574 944 qui
600 893 807 944 plurimum
842 906 888 932 eo
913 890 1017 932 bello
1049 894 1183 934 Caesari
1204 903 1340 940 contu-

59 954 176 1003 lerat,
201 956 263 994 vix
296 955 428 994 leviter
456 965 569 994 notus
603 965 739 1005 antea,
769 955 863 995 dum
890 969 957 1006 per
988 956 1257 997 Mauritaniam
1289 958 1344 998 ad.

56 1017 327 1067 imperatorem
365 1016 639 1067 proficiscitur,
670 1018 710 1057 in
740 1017 916 1058 Faustum
948 1020 982 1058 ἅ
1013 1019 1212 1060 Afranium
1245 1022 1341 1060 inci-

59 1079 141 1126 dit,
168 1080 234 1129 qui
262 1091 351 1118 cum
373 1078 563 1122 equitibue
587 1079 777 1128 Scipionis
809 1081 919 1120 Utica
943 1080 1194 1120 discesserant.
1228 1083 1340 1122 isre-

56 1140 183 1185 liquos
211 1135 350 1184 partim
385 1134 519 1180 credit,
546 1133 682 1182 partim
709 1137 851 1185 accipit
876 1144 917 1178 in
943 1144 1208 1191 deditionem,
1235 1145 1340 1185 Afra-

57 1196 170 1234 nium
198 1197 233 1234 &
257 1195 433 1234 Faustum
452 1207 542 1233 cum
563 1196 728 1244 coniuge
751 1197 786 1234 δε
807 1193 936 1232 liberis
957 1203 1061 1243 capit
1085 1205 1203 1246 vivos,
1230 1206 1343 1244 Ugo-
1406 1205 1407 1214 ¹

58 1257 91 1294 ri
126 1256 278 1305 Fausti,
314 1270 396 1307 quae
430 1258 566 1296 eadem
597 1257 768 1306 Pompeji
795 1263 875 1294 erat
910 1254 1010 1302 filia,
1044 1253 1270 1304 duobusque
1296 1256 1344 1295 Ii-

58 1315 160 1356 beris
193 1318 274 1365 ejus
304 1316 422 1356 Caesar
450 1317 758 1356 incolumitatem
788 1315 927 1366 suaque
968 1315 1097 1354 omnia
1134 1315 1341 1365 conceffit‚

60 1380 98 1419 δε
120 1379 167 1418 ad
186 1379 338 1419 fratrem
359 1380 544 1431 proficisci
570 1379 695 1430 paffus
717 1379 779 1418 est.
810 1379 986 1419 Afranius
1003 1380 1038 1418 &
1056 1377 1230 1426 Faustus,
1255 1389 1343 1419 tan-

60 1453 177 1490 quam
202 1450 344 1482 temere
368 1451 447 1481 orta
477 1443 515 1481 in
548 1441 719 1481 exercitu
749 1440 934 1480 seditione
951 1471 963 1487 ‚
987 1453 1139 1490 unaque
1171 1441 1343 1490 Petreius

57 1500 184 1551 filius,
216 1503 509 1543 interficiuntur.
557 1503 634 1543 Sed
668 1501 819 1542 Caesaris
852 1501 950 1550 jussu
987 1502 1130 1542 fastum
1162 1516 1241 1542 non
1268 1505 1339 1543 du-

58 1563 224 1614 bitatur,
257 1567 365 1614 cujus
404 1566 518 1604 etiam
556 1565 653 1604 inter
691 1575 788 1604 artes
827 1565 1017 1613 referunt,
1059 1566 1162 1616 quod
1197 1566 1338 1607 invisos

0 1677 1 1680 Ἴ
59 1626 161 1675 fibi,
188 1640 254 1677 per
285 1626 424 1665 milites
454 1625 555 1665 clam
591 1628 778 1666 curaverit
804 1627 1068 1676 occidendos,
1098 1640 1147 1666 ne
1170 1627 1340 1668 clemen-

0 1682 1 1695 *
59 1686 122 1726 tiae
159 1686 439 1726 fimulationem
465 1687 670 1727 omitteret.

113 1747 250 1788 LXIV.
290 1749 351 1788 Sic
384 1749 419 1787 6³
452 1748 603 1787 Tullium
638 1748 769 1801 Rufitm
799 1750 947 1803 aliosque
971 1751 1059 1790 inter
1084 1752 1237 1804 praelium
1261 1768 1337 1792 cum

59 1812 218 1866 Scipione
241 1811 357 1864 pertſje
374 1827 385 1849 .·
409 1813 460 1863 fic
486 1813 527 1850 L.
561 1813 715 1864 Coesarem
730 1842 740 1860 ‚
766 1827 972 1865 quamquam
999 1828 1161 1868 receptum
1192 1817 1228 1854 in
1255 1831 1337 1869 gra«

58 1877 166 1921 tiam,
190 1889 252 1928 per
276 1875 418 1927 infidias
451 1873 663 1927 interfeblunz.
709 1877 844 1928 Quippe
864 1875 990 1929 judicii
1010 1878 1121 1929 specie
1136 1908 1147 1925 ‚
1176 1882 1267 1931 quod
1288 1880 1337 1917 li·—

59 1939 166 1977 bertos
185 1938 362 1991 servosque
387 1938 530 1989 Caeſszris
550 1937 643 1990 ferro
664 1939 699 1977 δ’
717 1941 789 1992 igni
813 1940 989 1978 crudeliter
1011 1940 1190 1992 emmff,
1214 1943 1334 1995 bestias

59 2013 184 2052 quoque
210 2001 260 2037 ad
281 1998 507 2052 speffaculum
538 2002 731 2040 venationis
758 2014 974 2052 comparatas
1001 2001 1176 2054 mucidaffe
1203 2003 1335 2041 diceban

59 2073 139 2107 tur,
178 2060 321 2098 militum
352 2059 500 2114 objeczffiae
521 2059 684 2113 ferociae,
707 2078 730 2101 a
760 2064 880 2115 quihus
908 2066 1007 2115 quast
1030 2078 1092 2117 per
1117 2065 1202 2102 imm
1233 2065 1336 2103 intera

53 2122 219 2172 ficeretur.
262 2121 458 2161 Afranium
488 2133 589 2162 certe
619 2125 653 2162 δέ
682 2124 857 2164 Faustum
886 2125 1048 2174 imperio
1083 2125 1236 2164 Caesaris
1266 2138 1338 2164 oc-

61 2184 157 2224 cisos
179 2198 302 2234 neque
336 2185 497 2225 dubium
526 2186 578 2225 est
608 2187 712 2237 apud
750 2188 920 2226 auctores
951 2187 1176 2236 plerosque;
1209 2200 1335 2237 neque

61 2245 158 2285 adeo
195 2247 359 2295 mirum,
383 2247 470 2298 quia
498 2246 615 2286 semel
645 2250 846 2298 impetrata
874 2250 984 2288 venia
1011 2248 1148 2288 dimiffi
1165 2279 1175 2296 ‚
1207 2249 1334 2288 denuo

106 2373 128 2417 §
153 2373 254 2407 LXII.
276 2375 364 2408 Flor.
382 2376 508 2409 Auster
528 2378 567 2411 de
586 2378 622 2410 B.
637 2377 742 2410 Afric.
764 2378 838 2410 Liv.
860 2377 949 2416 Epit.
976 2377 1058 2411 Dio.
1082 2378 1102 2415 Ε
1125 2376 1242 2409 LXIII.
1263 2375 1334 2418 Apa

60 2418 156 2495 piane:
179 2418 256 2494 Ιῖ-ὶν.
280 2421 372 2464 Epir.
400 2420 503 2455 Oros.
527 2423 570 2466 6,
600 2421 650 2456 16.
673 2421 800 2456 Aufwr
823 2422 863 2456 de
885 2423 920 2455 B.
952 2422 1058 2455 Afric.
1082 2422 1162 2455 Dio.
1189 2423 1332 2454 Sueten.

56 2473 95 2498 II)
158 2474 182 2495 ἰῗ
205 2485 214 2496 ι
