1685 3042
235 217 351 288 ,IN
392 211 570 263 LQC.
613 192 752 258 ΜΒ.
801 209 939 256 cxx
973 210 1126 257 L1v.
1275 221 1372 258 211·

87 324 274 377 ingeniis,
304 322 446 363 nullius
478 331 636 365 eorum,
663 328 746 366 quae
772 327 838 365 per
872 314 1049 354 homines
1076 316 1266 356 contentis
1300 318 1375 356 stu-

88 390 161 429 diis
183 393 441 439 appetuntur,
464 382 614 431 indiga,
634 378 709 418 suis
731 377 809 428 ipsa
837 376 947 416 bonis
972 378 1020 416 ad
1046 378 1232 418 summam
1265 380 1372 419 suam

85 452 282 493 miseriam
309 446 424 489 abusa
446 444 510 483 est.

144 514 230 554 LV.'
248 510 418 552 Eandem
448 515 579 546 tamen
607 502 723 554 paulo
757 502 842 554 post
862 502 1047 541 recreavit
1073 501 1177 542 idem
1203 503 1267 542 ille
1296 504 1378 543 Cae-

88 574 176 622 sar,
196 586 216 612 a
244 583 320 621 quo
349 579 432 608 tum
468 566 753 617 propemodum
786 564 967 604 exstincta
997 564 1082 606 est:
1113 577 1163 603 ne
1195 566 1278 615 quis
1310 573 1379 605 aut:

88 634 185 674 laetis
222 630 336 671 rebus
373 630 510 669 timere
543 627 660 666 'duras
681 658 694 674 ,
724 634 791 665 aut
823 626 990 665 tristibus
1024 625 1170 677 sperate
1202 625 1380 665 meliores

90 695 247 735 desmat-
293 693 540 742 Quamquam
577 688 664 727 sane
700 688 827 726 minus
854 687 1056 734 fallantur,
1090 688 1157 737 qui
1191 686 1381 726 deteriora

88 757 316 808 exspeftant
332 757 373 794 in
398 754 504 793 dies:
536 751 691 802 quando
721 760 801 790 tam
831 749 944 789 facile
969 749 1104 789 crescit
1127 749 1382 799 improbitas,

93 822 132 861 ἃ
160 818 333 868 alioquin
359 817 442 855 haec
474 813 526 853 est
552 813 639 852 vitae
668 812 868 859 conditio,
894 820 935 849 ut
973 822 1113 849 nocere
1152 810 1312 849 cuilibet
1341 811 1385 849 in

93 889 252 931 promtu
277 877 345 925 sxt3
376 874 616 914 conservatio
638 885 765 911 rerum
792 881 905 922 atque
926 872 1169 921 instauratio,
1194 872 1306 911 bonis
1328 884 1389 910 a.-

95 940 230 987 tibus‚
259 937 378 987 iisque
413 935 542 975 multis
576 934 761 984 indigeat.
804 934 922 974 Unius
952 933 1103 984 pueruli
1134 924 1386 984 incogitantia

97 1000 202 1041 male
235 999 444 1039 custoditus
479 997 577 1047 ignis
620 995 845 1035 consumere
878 998 1015 1047 paucis
1054 996 1159 1036 horis
1196 997 1388 1047 oppidum

96 1065 246 1114 potest,
279 1062 391 1112 quale
419 1061 553 1100 multis
585 1062 696 1099 annis
723 1060 871 1112 aliquot
898 1060 1104 1100 hominum
1131 1060 1253 1099 millia
1284 1060 1391 1099 resti-

97 1132 207 1165 tuere
230 1128 435 1171 nequeant.
462 1118 536 1158 Sed
556 1117 605 1155 ad
621 1129 678 1155 res
702 1117 898 1156 Romanas
920 1127 1112 1165 revertor,
1128 1126 1262 1167 praeter
1283 1130 1393 1156 enar-

98 1195 203 1227 ratos
227 1192 338 1223 antea
364 1180 495 1228 casus,
523 1191 667 1230 paucos
696 1179 824 1217 adhuc
849 1178 1036 1218 relaturus
1054 1209 1064 1227 ,
1092 1193 1167 1229 prae
1195 1180 1327 1219 ceteris
1351 1180 1391 1219 in

99 1246 296 1296 utriusque
328 1244 490 1283 fortunae
518 1239 743 1290 exemplum
771 1240 959 1291 dignitate
988 1239 1219 1290 hominum,
1247 1251 1311 1280 aut
1336 1255 1393 1281 ra..

99 1323 144 1350 10
173 1309 349 1358 miroque
381 1313 522 1345 eventu
555 1301 758 1341 notabiles.

175 1377 271 1419 LVI.
314 1376 467 1426 Sergius
502 1373 606 1423 apud
642 1371 767 1421 ipsum
797 1369 1009 1411 Antonium
1041 1370 1225 1419 delituit,
1262 1372 1391 1412 donec

101 1441 139 1480 ei
165 1437 299 1479 consul
320 1440 400 1487 jam
424 1435 605 1483 Plancus,
625 1435 792 1474 Antonio
816 1436 993 1481 auctore,
1015 1434 1181 1481 reditum
1211 1435 1394 1484 impetra-

103 1505 172 1544 vit.
195 1503 294 1543 Nam
321 1501 421 1539 inter
436 1498 623 1538 summam
648 1495 940 1544 crudelitatem,
959 1495 1099 1535 multas
1122 1505 1205 1535 tum
1222 1498 1387 1536 ostendit

105 1563 299 1605 Antonius
329 1559 544 1600 clementiae
580 1557 790 1596 stricturas:
826 1566 928 1595 certe
958 1557 1108 1604 Attico,
1132 1559 1233 1611 apud
1259 1559 1296 1598 P.
1318 1560 1397 1599 Vo-

107 1623 303 1664 lumnium
331 1621 496 1668 latenti,
527 1619 591 1657 sua
627 1631 744 1656 manu
780 1617 944 1668 scripsit,
972 1633 1013 1657 ne
1038 1621 1190 1668 timeret,
1213 1622 1398 1674 statimque

110 1689 162 1726 ad
187 1688 227 1739 st:
260 1686 403 1723 venis-etr
427 1682 466 1735 fe
488 1696 590 1727 eum,
627 1680 662 1718 δ’
693 1683 740 1732 Q.
768 1680 923 1718 Gellium
956 1683 1086 1721 canum
1114 1684 1176 1734 (is
1204 1697 1278 1723 una
1301 1684 1397 1724 late-

109 1747 210 1795 bat,
241 1743 395 1796 aequalis
435 1745 472 1783 ὃ(
509 1739 821 1780 familiarissimus
859 1741 1021 1796 Attico)
1055 1744 1095 1782 de
1128 1746 1399 1797 proscriptorum

111 1824 248 1850 numero
278 1806 448 1858 exemzffe.
480 1804 658 1855 misitque
678 1804 892 1855 praefidium
914 1804 989 1852 eis,
1014 1818 1063 1845 ne
1090 1819 1157 1856 per
1181 1810 1334 1847 noctem
1360 1809 1400 1847 in

113 1872 332 1926 periculum
361 1869 517 1920 aliquod
544 1869 773 1907 inciderent.
802 1869 850 1907 At
874 1867 1023 1908 Salvius
1048 1869 1223 1909 tribunus
1248 1870 1397 1921 plebis,

115 1948 373 1987 quamquam,
395 1946 441 1972 ne
468 1932 582 1973 hostis
605 1932 862 1981 judicaretur,
890 1931 1078 1970 Antonius
1109 1931 1395 1980 intercesserat,

114 2007 246 2038 tamen
276 1997 450 2037 diffidens
481 1994 664 2051 obssalia,
690 1993 921 2032 'convivium
947 1993 1083 2032 amicis
1117 1994 1261 2041 dabat,
1294 1995 1398 2045 quast

117 2075 198 2102 non
233 2062 300 2100 diu
328 2072 417 2098 cum
450 2059 537 2109 ipsis
565 2057 719 2096 futurus
752 2055 892 2105 postea.

174 2123 287 2164 LVII.
314 2123 621 2173 Supervenerunt
647 2119 801 2166 armati,
828 2117 1083 2169 omnibusque
1102 2132 1177 2170 prae
1205 2128 1309 2159 metu
1333 2132 1401 2160 ex-

119 2185 330 2227 filientibus
346 2215 358 2233 ‚
380 2182 570 2235 quiescere
593 2192 738 2220 ceteros
767 2183 941 2220 centurio
964 2181 1068 2231 juffit
1084 2213 1094 2230 ,
1123 2182 1290 2222 Salvium
1314 2195 1402 2221 cer-

120 2247 224 2287 vices
251 2245 437 2297 praebere:
474 2242 696 2294 capillisque
729 2241 957 2292 prehensum
988 2243 1096 2293 supra
1131 2243 1299 2283 mensam
1331 2254 1404 2282 tra-

123 2309 206 2356 xit,
230 2316 417 2357 quantum
441 2317 538 2356 opus
564 2313 666 2352 erat,
691 2315 733 2342 ut
755 2314 871 2354 caput
901 2306 1182 2354 praecideretur.
1220 2318 1295 2354 quo
1319 2317 1403 2342 cor-

125 2377 232 2420 repto
253 2369 383 2408 abiens
397 2398 410 2416 ,
431 2368 637 2418 imperavit
652 2366 785 2404 ceteris
798 2395 810 2414 ,
833 2367 1081 2419 tenerentseje‚
1101 2381 1168 2418 quo
1190 2367 1312 2419 efflat,
1327 2365 1403 2405 loco

173 2504 198 2550 5
222 2475 312 2542 LVl.
338 2505 441 2540 Corn.
471 2504 558 2550 Nep.
582 2503 623 2556 ’ψ
644 2502 753 2540 Attic.
778 2501 924 2548 Appian-

1084 2556 1181 2611 02
