1685 3042
227 215 312 262 IN
359 208 1145 260 LOC.LIB.CXX111L1V.
1254 220 1350 272 275'

64 328 126 363 tus
153 330 240 363 aetas
263 324 400 361 Datum
435 316 667 369 appellavit,
695 313 790 354 felix
814 327 927 365 agro,
956 315 1049 356 felix
1075 316 1156 356 auri
1186 315 1350 356 metallis

66 386 276 436 oppidum,
295 386 330 424 δι
355 395 398 422 ea
418 388 574 433 propter
597 378 801 430 proverbio
819 377 1066 419 celebratum.
1088 380 1193 418 idem
1212 393 1233 418 a
1255 378 1354 418 mul-

65 448 232 486 titudine
246 446 411 485 fontium
429 443 588 483 Crenides
603 440 833 488 vocabatur3
857 452 945 479 cum
963 439 1173 491 aPhilippo
1185 472 1196 489 .,
1211 443 1354 493 Amyn.

64 516 114 548 tae
136 509 237 556 filio,
260 508 546 557 frequentatum
573 503 880 552 habitatoribus,
901 502 950 542 ab
974 502 1050 542 hoc
1074 511 1257 554 tanquam
1282 517 1355 543 no.

65 582 115 610 vo
145 570 347 608 conditore
375 580 507 607 recens
529 579 675 605 nomen
708 565 868 615 accepit.

137 631 292 671 XXXI.
327 630 396 670 Siti
423 628 509 668 sunt
539 628 580 666 in
610 626 710 666 colle
735 626 929 677 Philippi,
966 632 1168 675 totumque
1193 625 1233 664 id
1262 625 1355 676 spa-

65 693 190 741 tium,
217 692 349 743 quod
339 705 377 730 ιη
404 691 553 731 summo
578 691 783 740 panditur,
807 697 1027 739 occupant,
1055 689 1255 738 praeruptis
1285 688 1355 726 cir-

66 768 113 795 ca
145 763 259 805 atque
289 753 485 792 inaccessis
509 752 700 791 omnibus.
734 752 765 790 A
792 749 1062 801 septemtrione
1095 747 1208 788 saltus
1241 749 1355 797 adja-

66 826 181 865 cent,
210 829 277 866 per
293 828 389 865 quos
416 814 608 854 Cassianos
624 812 880 862 Rhascupolis
899 812 1034 852 duxit:
1063 824 1084 851 a
1101 810 1260 850 meridie
1287 824 1353 861 pa-

65 879 150 927 lus,
187 879 329 917 deinde
361 890 462 916 mare
497 876 704 926 praecingit.
745 874 877 914 Versus
914 876 1102 913 orientem
1128 875 1352 924 Sapaeorum

68 940 395 991 Turpilorumque
431 939 607 990 angustiae
644 938 865 979 claudunt:
903 945 943 977 at
973 936 1216 976 occidentale
1254 935 1356 975 latus

67 1011 245 1060 patentes
278 1014 435 1052 campos
460 1000 665 1051 prospicit,
693 1001 757 1051 qui
785 999 834 1039 ad
859 999 1086 1040 Murcinum
1110 997 1355 1039 Drabiscum-

62 1076 169 1114 que,
203 1065 238 1102 &
270 1062 428 1101 fiuvium
464 1062 702 1112 Strymona,
740 1074 807 1111 per
841 1067 1004 1110 quatuor
1038 1062 1073 1100 δε
1106 1058 1355 1109 quadraginta

61 1125 192 1165 millia
216 1123 387 1175 passuum
416 1122 557 1162 declivi
590 1122 752 1173 planitie
784 1122 1026 1167 funduntur,
1065 1120 1289 1160 amoenitate
1316 1121 1355 1160 δε

68 1185 266 1227 fertilitate
303 1195 382 1223 tam
409 1184 600 1234 insignes,
638 1190 680 1221 ut
703 1183 866 1221 fecerint
899 1182 1040 1221 fabulis
1075 1182 1219 1220 locum.
1249 1181 1354 1221 Nam

71 1252 107 1289 ἃ
133 1248 224 1288 huic
249 1248 393 1298 regioni
425 1254 555 1296 raptus
579 1245 808 1284 adscribitur
832 1243 1062 1295 Proserpinae
1078 1274 1089 1291 ‚
1117 1242 1356 1294 trahiturque

68 1313 110 1352 in
144 1319 413 1362 argumentum
453 1309 639 1360 Zygastes
679 1309 827 1356 amnis,
871 1307 962 1345 inde
1005 1305 1149 1345 scilicet
1191 1306 1358 1356 adeptus

69 1375 239 1421 nomen3
263 1371 369 1420 quod
394 1371 434 1409 in
459 1372 620 1418 trajectu
647 1371 731 1418 ejus
758 1371 848 1419 jugo
874 1367 1044 1418 disrupto
1062 1367 1202 1407 fractus
1229 1376 1358 1418 rapto-

68 1435 118 1475 ris
148 1446 277 1473 currus
304 1433 430 1472 fuerit.
477 1433 529 1472 Hi
551 1431 638 1470 sunt
671 1430 860 1481 Philippi,
886 1430 952 1469 ubi
985 1431 1042 1470 M.
1074 1430 1211 1469 Brutus
1239 1441 1355 1480 atque

73 1496 115 1536 C.
146 1492 288 1535 Caffius
315 1496 405 1534 victi
430 1494 536 1542 sunt,
563 1491 780 1544 longissimo
807 1491 959 1531 diremti
983 1491 1182 1531 intervallo
1215 1505 1236 1531 a
1265 1492 1357 1532 Phi-

68 1556 189 1607 lippis
213 1553 436 1601 Thessaliae,
473 1566 571 1604 quos
602 1565 690 1591 cum
729 1552 788 1592 his
812 1553 1009 1593 Thracicis
1041 1551 1239 1602 scriptores
1265 1553 1360 1603 qui-

73 1620 164 1659 dam
190 1618 284 1657 mira
311 1616 510 1656 securitate
535 1615 806 1656 confuderunt.
841 1616 962 1666 Prope
985 1614 1141 1654 eosdem
1160 1614 1356 1666 Philippos

70 1681 168 1720 alius
198 1693 351 1733 quoque
378 1678 550 1719 tumulus
576 1678 657 1727 est5
686 1691 706 1717 a
733 1678 868 1718 Libero
902 1686 1008 1728 patre
1036 1676 1283 1727 appellatus,
1314 1678 1357 1718 in

72 1757 149 1794 quo
174 1743 261 1783 sunt
284 1743 437 1783 aurariae
457 1741 620 1781 fodinae:
640 1741 761 1793 Asyla
784 1750 984 1780 vocantur.
1008 1741 1083 1780 Sed
1106 1740 1154 1780 ad
1178 1741 1356 1792 passuum

72 1809 194 1848 ferme
226 1808 303 1846 duo
335 1804 455 1846 millia
482 1805 669 1843 ducentos
708 1817 730 1843 a
766 1800 951 1855 Philippis
981 1804 1234 1854 procedenti,
1272 1805 1354 1844 duo

74 1869 137 1909 alii
168 1868 285 1908 colles
310 1876 537 1914 occurrunt,
565 1866 730 1905 invicem
757 1864 864 1906 mille
891 1865 1057 1916 passibus
1082 1864 1257 1914 discreti,
1289 1865 1360 1905 ubi

75 1932 193 1971 castra
221 1930 352 1970 diversi
385 1929 618 1980 posuerunt,
651 1927 794 1967 Caffius
827 1929 866 1966 in
892 1928 1092 1967 meridiem
1109 1958 1120 1975 ‚
1151 1928 1288 1967 Brutus
1314 1928 1358 1967 in

75 1991 367 2042 septemtriones
393 1989 625 2041 spectantem
649 1988 840 2027 tumulum
865 1987 965 2027 vallo
991 1998 1236 2038 occupantes,

144 2054 317 2095 XXXII.
347 2054 431 2094 Nec
462 2051 562 2092 ultra
587 2051 789 2090 cedentem
816 2062 905 2089 cum
935 2049 1096 2098 Julianis
1129 2049 1359 2088 Norbanum

78 2117 266 2166 insecuti,
294 2118 510 2157 Antonium
543 2114 640 2155 locis
665 2113 989 2165 opportunissimis
1016 2112 1182 2162 opperiri
1211 2112 1361 2150 consti-

76 2187 241 2219 tuerunt.
280 2180 459 2230 Namque
482 2179 625 2219 Caesare
651 2178 882 2218 valetudinis
909 2177 1019 2217 causa
1049 2176 1273 2227 Dyrrhachii
1303 2188 1360 2214 re-

76 2241 196 2289 licffo,
230 2244 326 2282 mira
357 2243 552 2282 celeritate
588 2241 766 2281 advolare
801 2241 990 2281 Antonius
1026 2239 1253 2277 dicebatur:
1286 2249 1362 2276 nec

77 2303 202 2353 optari
223 2303 310 2342 situs
335 2303 579 2343 commodior
602 2301 781 2342 Caffianis
804 2310 964 2352 poterat.
993 2300 1066 2338 five
1088 2299 1190 2337 enim
1215 2298 1355 2348 proelio

76 2372 260 2414 cuperent
283 2366 496 2416 congredi,
526 2374 700 2417 patentes
731 2364 858 2415 campi
889 2363 1092 2403 suberant:
1133 2361 1207 2402 five
1233 2361 1362 2400 castris

123 2481 144 2522 Ε
178 2482 285 2515 XXX.
310 2483 400 2516 l’.lut
429 2483 464 2515 ‘m
499 2483 592 2515 Brut.
623 2493 651 2513 c.
684 2491 737 2520 54.
765 2481 847 2513 Dio.
879 2479 1055 2514 Strabonis
1080 2486 1232 2523 excerpt.
1264 2479 1289 2516 1.
1319 2483 1357 2520 7³¹

78 2523 219 2560 moder.
245 2523 304 2569 16,
331 2528 361 2561 8.
393 2529 414 2572 §
450 2523 1063 2571 XXX1.Appian.LipssadVeuej
1085 2524 1168 2558 Dio.

1056 2579 1136 2625 Sz
