1685 3042
253 205 332 251 IN
375 201 549 249 LOC.
587 200 723 246 LIB.
764 199 965 245 CXXIV
1017 199 1162 245 LIV.
1263 196 1358 261 287

75 323 148 350 tute
168 312 322 363 potiores
358 309 470 348 inulti
492 307 677 361 peribant,
701 305 771 356 fibi
799 304 952 356 partim,
975 316 1160 356 antequam
1179 305 1366 344 excitatum

73 373 267 411 incendium
291 371 390 423 fft‚
415 368 616 422 consciviffi
640 381 751 404 necem
764 381 780 414 ‚·
799 368 929 418 partim
953 367 1140 415 infilientes
1165 367 1203 405 in
1225 367 1369 419 hostilia

72 433 245 486 navigia,
269 432 378 470 multa
405 429 548 482 feciſje,
577 428 697 480 qualia
720 428 893 478 neceffitas
925 439 1075 464 extrema
1110 429 1225 480 cogit,
1251 428 1362 465 multa

68 497 191 548 paffos
211 496 283 547 effe.
305 495 394 534 Erat
418 493 586 540 immane
611 489 892 541 spediaculum,
913 490 1044 528 videre
1067 490 1164 528 inter
1194 490 1363 528 marinos

72 556 211 596 fluctus
233 556 461 595 emicantem
482 566 502 592 e
524 553 684 592 navibus
709 552 931 598 flammam,
960 552 995 590 ὃς
1017 550 1280 590 semiustulatis
1304 552 1368 589 in-

73 617 259 658 haerentes
277 617 414 656 carinis
440 615 536 654 alios
552 614 733 653 incendio
757 613 919 663 corripi,
943 612 1037 651 alios
1051 642 1062 660 ‚
1080 611 1152 651 hac
1179 613 1280 662 peste
1298 614 1366 653 vix

73 682 243 728 evitata,
272 679 405 728 jaetari
436 678 512 716 sine
542 676 814 724 armamentis,
846 675 924 713 sine
957 684 1199 720 commeatu,
1240 675 1367 712 donec

74 743 180 783 fame
203 742 334 791 sitique
357 739 647 779 conficerentur.
668 737 813 778 Servati
839 745 968 774 tamen
988 735 1036 773 fic
1057 736 1172 773 etiam
1196 733 1283 773 sunt
1299 734 1367 773 ali-

75 805 164 854 qui,
187 802 327 848 tabulis
348 810 413 841 aut
436 801 612 840 antennis
634 799 895 845 adhaerentes,
914 799 949 836 ὅ(
966 796 1015 835 ad
1039 794 1216 845 scopulos
1234 799 1268 834 δι
1296 796 1367 834 im..

72 866 253 917 portuosa
272 865 382 904 litora
400 863 575 907 fluetibus
591 862 691 901 elati.
717 871 849 908 erant,
870 861 936 910 qui
953 861 988 899 ἅ
1012 858 1188 908 quintum
1205 858 1245 896 in
1261 858 1368 897 diem

73 926 236 965 tolerata
270 926 373 964 fame
392 954 402 972 ‚
433 933 544 976 atque
583 921 734 961 interim
768 920 862 960 velis
893 922 930 959 ὃς
962 918 1130 959 funibus*
1153 918 1295 966 adesis,
1325 920 1363 957 ὁὶ

65 987 259 1040 *lingenda
285 988 370 1038 pice
404 987 501 1025 sitim
529 995 726 1035 utcunque
760 983 960 1029 fallentes,
983 982 1201 1020 evaderent.
1236 980 1369 1030 Longe

75 1058 209 1089 tamen
239 1049 390 1101 plures,
412 1062 500 1088 cum
530 1049 692 1087 resistere
727 1047 928 1097 nequirent
951 1053 1009 1083 tot
1037 1043 1170 1091 malis,
1203 1043 1370 1082 deditio..

72 1126 162 1152 nem
183 1114 434 1163 fecerunt:in
457 1112 594 1162 quibus
619 1112 789 1149 triremes
821 1110 927 1148 fuere
950 1107 1226 1158 septemdecim
1243 1136 1255 1154 ‚
1278 1117 1370 1155 qua-

74 1187 158 1214 rum
176 1177 352 1215 omnium
373 1173 513 1213 milites
534 1172 582 1209 ad
603 1170 884 1208 sacramentum
900 1169 1009 1210 Statii
1031 1167 1067 1205 se
1082 1165 1368 1205 transtulerunt.

129 1237 236 1275 XIV.
272 1233 478 1278 Calvinus,
509 1245 599 1271 cum
628 1231 724 1270 olim
755 1229 887 1281 perisse
912 1229 1152 1274 crederetur,
1182 1240 1272 1266 cum
1299 1241 1371 1266 na-

76 1308 122 1334 ve
152 1294 216 1334 sua
256 1295 320 1334 die
346 1295 481 1344 quinta
512 1290 748 1332 Brundisium
783 1287 950 1328 reversus
983 1287 1046 1327 est.
1079 1287 1204 1335 Hujus
1238 1288 1370 1337 proelii

73 1356 216 1395 nuntiis
238 1356 286 1394 ad
317 1354 500 1395 Caesarem
526 1356 562 1392 ἃ
579 1353 786 1392 Antonium
817 1350 968 1400 perlatis
983 1380 995 1397 ‚
1016 1350 1055 1387 in
1082 1361 1222 1398 magno
1244 1350 1362 1388 timo-

74 1427 115 1453 re
147 1415 403 1456 versabantur.
431 1413 568 1457 Alieno
600 1411 688 1450 loco
714 1410 911 1449 habebant
944 1409 1084 1457 castra,
1110 1422 1234 1459 neque
1261 1418 1368 1460 pete-

72 1489 114 1516 re
135 1476 253 1516 alium
286 1485 400 1525 tuto,
433 1487 556 1525 neque
594 1473 742 1524 regredi
773 1472 811 1510 in
841 1472 992 1512 ltaliam
1029 1479 1232 1521 poterant:
1264 1472 1367 1512 nihil

71 1549 324 1589 praeterquam
347 1540 387 1576 in
410 1538 522 1576 armis
550 1536 741 1585 supererat
766 1534 868 1583 spei3
896 1533 1201 1584 festinabantque
1225 1547 1271 1573 eo
1299 1535 1367 1574 de-

74 1612 249 1646 currere,
283 1599 500 1650 priusquam
531 1598 625 1636 mari
656 1607 859 1647 acceptum
891 1595 1187 1635 incommodum
1216 1595 1271 1634 sui
1296 1609 1367 1647 pa-

74 1662 163 1700 riter
182 1662 380 1712 hostesque
401 1659 638 1711 cognossent.
669 1660 744 1699 Sed
767 1658 832 1697 ubi
847 1688 857 1704 ,
884 1657 1015 1696 frustra
1037 1659 1226 1708 producta
1253 1659 1364 1707 acie,

72 1722 254 1773 proelium
277 1723 374 1774 saepe
407 1722 673 1772 quaesiverant,
689 1717 900 1768 Brutusque
926 1718 1000 1758 suis
1026 1717 1062 1757 se
1086 1717 1180 1757 locis
1210 1728 1362 1768 tenens,

73 1785 233 1824 arctiora
260 1787 310 1824 eis
343 1784 518 1834 quotidie
547 1782 677 1821 omnia
713 1780 926 1829 efficiebat3
953 1778 1092 1818 collem
1120 1780 1171 1818 ita
1199 1783 1364 1829 conjun-

71 1847 177 1885 etum
195 1844 305 1885 Caflii
320 1845 460 1892 castris,
479 1852 521 1882 ut
534 1843 609 1882 tela
633 1843 722 1881 inde
740 1842 855 1891 adjici
878 1840 1028 1891 poffent
1041 1871 1051 1888 ,
1069 1844 1186 1889 noetu
1201 1850 1365 1891 quatuor

71 1904 290 1955 legionibus
311 1916 549 1955 occuparunt
564 1934 574 1951 .,
594 1903 927 1952 niuniveruntque.
948 1903 1039 1941 inde
1063 1903 1111 1942 ad
1134 1902 1258 1953 passus
1281 1903 1365 1942 sex-

73 1977 208 2007 centos
235 1968 316 2008 aliis
343 1968 470 2007 castris
495 1965 736 2005 collocarunt
767 1963 936 2014 legiones
964 1965 1099 2002 decem
1115 1994 1127 2013 ‚
1151 1966 1186 2004 δε
1208 1964 1365 2003 ulterius

74 2032 374 2081 quingentorum
402 2028 574 2080 pastuum
597 2025 795 2066 intervallo
819 2027 958 2064 iterum
985 2026 1102 2064 duas:
1133 2034 1174 2064 ut
1199 2027 1253 2065 ita
1273 2039 1365 2077 pau-

74 2094 184 2134 latim
213 2095 262 2133 ad
283 2106 388 2133 mare
410 2092 737 2143 penetrarent‚'&
763 2089 835 2129 five
863 2091 904 2128 in
931 2088 1063 2136 litore,
1098 2089 1173 2128 sive
1201 2102 1267 2139 per
1292 2102 1363 2139 pa-

71 2154 230 2203 ludem,
257 2157 609 2205 quomodocunque
639 2149 773 2190 effesta
801 2151 883 2200 via,
916 2159 1155 2189 commeatus
1184 2150 1366 2190 interclu-

77 2219 212 2258 derent
245 2218 363 2257 Bruti.
389 2217 538 2256 »Brutus
573 2213 747 2253 adversus
772 2212 854 2252 haec
885 2222 969 2252 turn
1007 2212 1079 2252 alia
1108 2212 1363 2260 moliebatur,

78 2289 163 2319 tum
197 2279 350 2319 castella
383 2279 531 2318 idoneis
561 2276 656 2315 locis
684 2275 894 2325 frequentia
927 2274 1161 2325 opponebat.
1194 2274 1257 2313 sed
1283 2287 1363 2313 non

75 2351 155 2381 erat
174 2341 270 2381 ultra
301 2340 510 2380 tolerabilis
535 2339 639 2389 apud
667 2337 812 2376 hostem
841 2336 987 2375 fames:
1017 2337 1123 2385 cujus
1150 2335 1358 2384 impatiens

75 2405 318 2446 auxiliarium
346 2405 626 2445 'Germanorum
661 2414 793 2441 manus
816 2401 866 2440 ad
885 2401 1047 2441 Brutum
1069 2398 1247 2451 perfugit.

121 2522 146 2567 S
169 2522 265 2558 XIII.
285 2522 433 2568 Appian.
457 2520 547 2557 Plut.
583 2520 606 2566 §
631 2520 725 2559 XIV.
746 2517 829 2558 Dio.
850 2518 1002 2565 Appiam
