1685 3042
255 182 362 233 “280
426 184 520 231 JO.
552 182 1059 230 FREINSHEMII
1099 182 1455 231 SUPPLEM.

266 290 310 330 in
335 291 607 346 Macedoniam
640 291 823 331 transiret.
853 291 996 332 Contra
1025 290 1167 331 Cassius
1190 304 1235 330 ac
1267 291 1419 338 Brutus,
1442 288 1553 329 utris.

268 365 344 402 que
375 353 414 391 in
436 352 607 403 partibus
632 353 732 392 cives
759 353 851 393 stare
878 355 1110 405 cogitando,
1129 350 1286 403 'parcere
1313 352 1371 392 his
1402 366 1474 403 pro
1495 354 1553 390 in-

268 413 389 453 stituti
412 413 465 453 sui
481 413 722 454 humanitate
751 415 977 465 cupiebant,
995 418 1032 455 &
1054 416 1128 454 line
1152 414 1332 465 sanguine
1348 415 1551 453 victoriam

270 475 464 527 consequi.
506 489 578 516 nec
603 477 706 516 enirn
737 478 920 516 exercitui
959 477 1025 515 suo
1056 477 1305 524 diffidebant,
1340 477 1405 527 qui
1429 476 1556 514 minor

269 537 429 587 quidem
456 547 535 576 erat
568 537 716 585 hostili,
745 538 809 576 sed
844 538 993 588 egregie
1024 548 1288 588 perarmatus,
1318 533 1484 587 auroque
1518 537 1557 575 Sc

270 606 430 649 argento
469 598 636 649 plurimo
672 599 807 638 nitens.
850 598 1005 648 Quippe
1041 599 1177 638 Brutus
1210 601 1245 639 &
1277 598 1354 649 ipse
1383 608 1558 644 amator,

276 661 489 700 &ducibus
512 661 585 699 suis
612 663 744 700 audior
770 660 996 710 frugalitatis
1012 660 1051 698 in
1073 662 1211 699 ceteris
1235 661 1369 710 rebus,
1386 660 1458 699 hac
1480 660 1557 698 ele-

274 724 403 774 gantia
450 726 485 763 &
516 725 638 773 pretio
677 723 846 762 militum
881 723 966 762 acui
998 724 1145 763 animos
1189 723 1362 770 rebatur,
1395 730 1438 760 ut
1479 734 1559 760 non

271 791 458 835 tanquam
485 797 610 831 arma,
626 784 699 823 ⁴sed
724 785 840 824 etiam
862 797 954 834 opes
982 784 1084 834 suas,
1107 784 1326 835 diligentius
1348 792 1556 822 tuerentur.

272 847 322 888 Et
352 847 440 886 sane
461 860 538 885 non
566 847 696 885 deerat
722 845 782 885 his
807 847 927 897 copiis
951 845 1148 886 alacritas:
1178 846 1242 886 sed
1274 848 1310 887 δε
1334 846 1448 891 ideo,
1472 845 1562 893 quia

274 908 450 959 plerique
474 921 522 948 ex
552 908 758 958 provinciis
791 907 879 947 lecti
911 907 1052 948 milites
1079 916 1209 956 erant,
1237 918 1405 958 pugnare
1431 904 1564 954 cupie-

274 971 394 1015 bant,
423 984 499 1020 quo
525 971 638 1008 citius
660 970 799 1009 domos
827 970 1134 1018 remitterentur3
1157 971 1191 1009 &
1209 968 1332 1007 hostes
1356 967 1452 1006 adeo
1472 979 1563 1005 con-

275 1039 451 1071 temnet-e
486 1040 705 1082 eruperant,
736 1041 780 1070 ut
816 1031 1059 1072 sufflaminari
1096 1032 1261 1082 impetus
1300 1043 1432 1069 eorum
1468 1028 1566 1068 ultra

275 1095 462 1144 nequiret.
503 1093 657 1143 Quippe
689 1102 772 1132 tum
808 1094 1082 1142 timiditatem,
1115 1102 1197 1133 tum
1239 1094 1357 1132 etiam
1394 1092 1566 1142 inopiam

276 1154 520 1204 Julianorum
556 1153 765 1194 clariffimis
800 1155 955 1194 indiciis
988 1154 1277 1205 deprehendifl'e
1307 1152 1564 1199 videbantur3

276 1219 382 1267 quod
414 1216 469 1255 illi
498 1217 627 1267 copias
652 1218 751 1255 intra
771 1216 915 1256 vallum
943 1216 1213 1265 lustraverant,
1237 1219 1271 1256 δε
1300 1214 1485 1254 militibus
1512 1212 1564 1251 ad

274 1279 506 1331 sacrificium
539 1278 740 1334 paululum
779 1279 985 1329 frumenti,
1020 1291 1109 1319 cum
1149 1278 1312 1319 denariis
1347 1275 1472 1330 quinis
1508 1274 1567 1314 di-

276 1340 452 1381 viserant.

334 1401 385 1441 ΙΙ.
407 1403 454 1441 At
479 1400 622 1442 Caffius
647 1402 682 1440 δε
707 1401 843 1441 Brutus
859 1431 871 1449 ‚
891 1407 935 1440 ut
957 1400 1083 1440 sordes
1107 1399 1271 1440 hostium
1300 1399 1565 1444 traducerent,

275 1463 503 1504 lustratione
529 1461 716 1501 exercitus
743 1463 782 1500 in
815 1462 1036 1513 patentibus
1067 1462 1214 1512 campis
1245 1460 1432 1508 instituta,
1461 1459 1566 1498 victi-

278 1536 431 1563 marum
461 1522 619 1562 uberem
647 1524 802 1573 copiam
836 1534 903 1572 per
937 1521 1178 1574 manipulos,
1205 1523 1239 1562 ἅ
1275 1522 1452 1560 denarios
1479 1520 1567 1559 viri-

279 1586 353 1624 tim
385 1585 665 1635 quinquaginta
691 1584 967 1624 distribuerant,
989 1585 1048 1623 Eo
1071 1596 1216 1636 tempore
1231 1583 1364 1636 saevnm
1389 1597 1483 1622 omen
1508 1582 1567 1619 oh-

280 1649 392 1686 latum
426 1646 533 1696 Caffio
563 1646 701 1685 ferunt.
742 1659 831 1685 nam
867 1647 963 1686 inter
990 1645 1225 1685 lustrandum
1250 1644 1358 1685 lictor
1387 1643 1567 1695 perversis

281 1709 448 1750 fascibus
485 1708 650 1749 lauream
679 1710 870 1761 imposuit.
903 1709 986 1750 Alia
1018 1721 1169 1760 quoque
1207 1710 1352 1747 circum
1381 1707 1445 1746 illa
1470 1716 1570 1745 tem-

280 1783 378 1823 pora
412 1770 497 1809 sunt
519 1778 700 1810 annotata
725 1770 846 1810 multa
873 1771 1058 1821 prodigia.
1085 1770 1180 1810 Puer
1205 1770 1243 1808 in
1267 1782 1410 1819 pompa
1441 1769 1571 1808 Vicio-

282 1833 347 1872 riae
377 1831 484 1871 cultu
513 1833 746 1880 adornatus,
771 1831 916 1872 ferculo
954 1832 1108 1871 decidit.
1149 1830 1298 1871 Ferales
1329 1843 1414 1869 aves
1445 1831 1479 1869 S:
1508 1842 1569 1868 ca-

282 1895 488 1935 daveribus
519 1894 616 1933 vesci
652 1894 794 1943 solitae,
823 1894 932 1945 supra
962 1894 1077 1934 castra
1106 1894 1289 1944 gregatim
1308 1923 1319 1941 ,
1343 1900 1384 1930 ut
1411 1891 1474 1931 alii
1503 1904 1570 1931 vo-

283 1956 394 2004 lunt,
418 1971 493 1996 cum
520 1958 685 1996 horrendo
702 1957 868 2008 stridore,
894 1964 937 1994 ut
966 1956 1185 2005 Appianus,
1210 1953 1297 2005 trzfli
1310 1954 1451 2004 filentio
1478 1963 1570 1990 con-

282 2019 493 2067 sederunt3
523 2031 611 2057 cum
644 2019 743 2057 inter
778 2017 949 2066 Julianos
977 2015 1091 2056 nullae
1118 2014 1438 2066 conspicerentur.
1472 2014 1570 2054 Exa-

282 2083 391 2121 mina
430 2094 519 2119 vero
548 2093 664 2131 apum
701 2081 885 2119 continue
914 2079 1000 2118 sunt
1035 2077 1266 2128 deprehensa
1293 2076 1332 2115 in
1363 2076 1475 2115 Caffii
1502 2087 1573 2114 ca-

282 2142 393 2185 stris:
418 2143 534 2192 idque
561 2143 658 2183 adeo
695 2142 819 2182 dirum
853 2141 1040 2181 ostentum
1069 2139 1266 2185 habitum,
1292 2146 1335 2179 ut
1362 2136 1571 2187 haruspicis

282 2206 464 2252 monitu,
491 2203 590 2243 vallo
616 2205 776 2243 interius
803 2205 919 2244 duc‘to
946 2202 1054 2242 locus
1082 2200 1409 2240 intercluderetur.
1440 2201 1475 2239 ἃ
1498 2198 1572 2250 pri-

286 2266 349 2311 die
363 2299 374 2315 ,
399 2280 512 2318 quarn
535 2276 745 2319 pugnatum
761 2266 836 2314 est,
854 2267 937 2305 duae
953 2296 963 2313 ‚
978 2278 1060 2316 quae
1076 2264 1258 2304 haetenus
1277 2264 1491 2302 exercitum
1507 2273 1573 2299 co-

283 2330 429 2371 mitatae
461 2329 638 2376 fuerant,
673 2328 807 2379 aquilae
848 2327 1098 2367 avolaverunt
1125 2340 1134 2366 z
1167 2325 1415 2377 sequentique
1452 2325 1568 2362 noste

282 2390 474 2443 specirum
509 2391 615 2431 idem
645 2390 682 2431 se
714 2390 854 2435 obtulit
891 2391 1033 2439 Bruto,
1061 2389 1164 2442 quod
1205 2387 1398 2437 trajiciens
1422 2398 1467 2427 ex
1490 2385 1570 2427 Asia

331 2505 355 2550 5
382 2505 408 2540 1.
433 2504 522 2543 plut.
543 2505 625 2540 Dio.

1668 243 1685 271 χ’,
1678 211 1684 235 -..

1676 546 1685 567 Ι
1668 393 1671 398 ,
