1685 3042
251 210 333 257 1N
382 209 556 257 LOC.
591 210 725 256 LIB.
767 210 1162 272 cxxvumv.
1267 192 1370 282 '333

146 317 329 358 XXVIII.
360 318 506 365 Caesar,
533 317 643 356 finito
673 314 884 365 sacrificio,
919 318 1109 361 laureatus
1149 322 1374 365 conscendit

91 380 287 429 tribunal,
309 380 487 430 juffisque
525 394 621 432 arma
651 393 778 430 ponere
813 380 1067 427 Antonianis,
1102 384 1301 434 postquam
1329 387 1374 427 id

88 439 232 480 factum
266 442 342 490 est,
370 450 570 479 veteranos
597 439 714 493 (nam
741 452 763 478 a
790 439 978 478 tironibus
1002 441 1240 493 secreverat)
1264 449 1375 486 acci-

85 488 162 550 vit,
188 512 229 540 ut
262 512 443 553 tanquam
467 502 634 551 ingratos
660 501 856 550 castigaret
895 511 1012 551 atque
1047 506 1372 552 perterrefaceret.

87 564 137 602 At
167 563 365 603 Caesariani
405 563 567 611 milites,
604 563 677 601 five
714 562 907 602 subornati
948 562 995 602 ab
1029 565 1293 616 imperatore,
1326 579 1372 609 uc

82 624 203 674 saepe,
235 625 308 663 five
339 635 511 664 veterum
551 617 864 663 commilitonum
897 632 1072 676 tempore
1107 632 1296 677 permoti,
1319 630 1372 670 ad

80 685 336 736 complexum
363 686 517 725 illorum
544 686 795 734 festInabant,
821 695 971 725 orantes
998 700 1070 738 pro
1098 688 1158 727 his
1185 688 1371 732 Caesarem

78 744 290 798 irrequietis
312 750 493 796 vocibus,
508 762 634 799 neque
657 749 896 788 discedentes
920 750 967 789 ab
983 751 1191 802 complexu
1208 766 1365 797 eorum:

79 809 207 848 donec
229 809 371 860 Caesar,
385 823 480 860 aegre
495 809 625 848 sedato
643 808 809 849 clamore
822 841 834 859 ,
853 813 1056 853 conversus
1076 815 1126 854 ad
1152 815 1238 856 suos
1252 848 1262 865 ‚
1281 820 1369 857 Me-·

75 872 191 924 ruistis
206 902 217 920 ,
237 873 291 910 ait
307 902 318 920 ,
342 873 605 919 commilitones,
626 884 666 910 ut
686 873 787 912 vobis
809 887 925 924 negem
944 876 1049 916 nihil.
1077 878 1134 916 At
1156 893 1217 932 ego
1239 880 1368 918 tiroizes

74 935 212 983 quidem
234 937 367 973 coaetos
392 935 550 988 militaſje
573 935 683 973 Lucio
707 933 910 986 censebam,·
937 934 1003 972 hos
1033 948 1172 984 autem,
1197 941 1257 988 qui
1272 942 1368 992 saepe

72 993 250 1045 nobiscum
280 996 521 1035 militaverant
536 1027 547 1044 ,
576 996 612 1034 δ’
642 1011 731 1035 nunc
767 1012 790 1034 a
822 997 924 1034 nobis
944 996 1148 1048 servantur,
1185 1000 1365 1051 cupiebam

70 1055 303 1109 interrogare,
335 1072 404 1110 qua
437 1060 546 1112 igitur
584 1061 697 1111 nostra
730 1058 883 1109 injuria,
919 1072 987 1111 qua
1018 1058 1168 1112 offinfiz,
1197 1074 1261 1099 aut
1288 1077 1361 1114 qua

63 1117 195 1169 saltem
217 1120 281 1172 spe
311 1120 478 1158 uberioris
511 1117 609 1169 apud
644 1116 739 1154 alios
769 1119 923 1167 militiae,
952 1132 1073 1163 contra
1099 1136 1149 1160 me
1180 1122 1215 1159 δ’
1237 1139 1303 1162 vos
1325 1127 1361 1165 6·

61 1176 136 1228 fita
150 1175 216 1226 ipfi
234 1177 409 1214 commoda
430 1177 695 1229 pugnaverint?
720 1179 891 1230 quidquid
912 1182 1001 1218 enim
1017 1183 1184 1233 fitdatum
1207 1187 1252 1236 est
1278 1188 1362 1224 luc⁴

69 1244 193 1284 tenus,
220 1251 324 1289 ecquo
352 1237 426 1276 alio
449 1239 525 1288 fine
539 1238 695 1290 fizblum,
721 1240 786 1291 mfi
809 1252 848 1278 ut
871 1242 949 1293 agri
975 1246 1151 1281 veteranis
1177 1248 1363 1292 darentur,

67 1296 169 1348 cujus
195 1297 332 1349 [ταῦτα
365 1298 502 1348 fiebant
534 1301 569 1338 ἐξ)
600 1301 667 1352 ipfi
685 1301 911 1354 participes?
945 1304 1060 1355 Igitur
1077 1305 1116 1353 fi
1145 1308 1362 1355 conceditis,

69 1373 163 1398 nunc
187 1375 318 1412 quoque
344 1375 404 1398 eos
433 1362 660 1413 interrogabo.

131 1427 289 1469 XXIX.
332 1428 638 1479 Deprecantibus
674 1429 773 1478 illis,
802 1431 874 1481 fiat
915 1431 1047 1484 igitur,
1085 1432 1235 1484 inquit,
1267 1441 1359 1488 quod

58 1491 192 1544 petitis.
217 1492 347 1530 abeant
378 1494 484 1544 veslro
504 1494 702 1545 patrocinio
723 1495 858 1545 ficari,
885 1495 919 1532 ὃ)
941 1496 1032 1533 hanc
1061 1498 1163 1534 etiam
1193 1497 1357 1552 objurga-

60 1555 185 1593 tionem
208 1556 407 1602 lucrentur3
432 1557 497 1608 sed
525 1557 590 1593 hac
611 1555 828 1603 conditione,
855 1567 895 1593 ut
916 1557 1092 1609 vobiscum
1119 1559 1157 1596 in
1184 1563 1353 1612 posterum

60 1618 291 1668 consentiant.
326 1618 428 1657 Tum
461 1631 548 1657 vero
586 1618 765 1669 utrinque
788 1630 902 1658 voces
933 1621 969 1658 ὁὶ
994 1618 1180 1660 clamores
1206 1624 1350 1672 promi-

59 1676 142 1716 scui
167 1677 439 1726 insonuerunt,
465 1678 707 1717 laudantium
736 1678 944 1727 Caesarem,
972 1681 1244 1732 agentiumque
1268 1699 1351 1735 gra.

59 1740 145 1781 tias.
184 1749 300 1791 atque
331 1741 396 1780 ille
431 1741 658 1792 quibusdam
696 1742 917 1792 petentibus
939 1743 1143 1792 concessit,
1171 1759 1230 1793 ut,
1260 1764 1347 1801 quos

0 1826 1 1848 ³
57 1800 199 1851 quisq1te
221 1800 351 1848 vellet,
378 1802 551 1852 exciperet
578 1801 728 1854 hospitio
748 1816 759 1839 :
784 1802 950 1854 reliquam
973 1804 1249 1852 multitudinem,
1278 1822 1347 1860 quo

57 1860 132 1898 loco
154 1861 301 1913 primum
324 1863 563 1915 constiterant,
582 1863 651 1915 sub
665 1862 820 1914 pellibus
841 1877 939 1915 agere
958 1863 1085 1912 juffit,
1108 1867 1213 1905 donec
1236 1867 1345 1907 hiber.

58 1938 106 1961 ua
128 1924 178 1962 eis
191 1954 202 1972 ,
216 1924 251 1962 ὃ»
271 1925 332 1977 qui
354 1927 566 1974 deducerent,
588 1925 845 1977 affigtzarentur.
876 1925 1002 1977 Adeste
1024 1940 1106 1965 mox
1122 1928 1268 1966 Lucium
1292 1944 1345 1969 ce-

54 1987 207 2038 terofipte
227 1986 354 2036 justit,
380 2000 449 2038 pro
480 1987 661 2026 tribunali
685 1987 1213 2039 sedens.'descenderuntque
1236 1990 1343 2030 sena-

54 2054 156 2087 tores
189 2051 224 2088 &
251 2051 398 2100 equites
435 2049 573 2096 multi,
610 2049 832 2100 praesentem
861 2049 1055 2089 fortunam
1091 2049 1227 2090 habitu
1253 2051 1342 2091 vul-·

52 2116 173 2160 tuque
199 2112 453 2161 praeferentes.
486 2111 625 2163 quibus
649 2110 826 2162 egoeffis,
853 2111 1070 2162 praefidium
1094 2113 1246 2153 Caesaris
1271 2113 1340 2154 Pe-

48 2172 186 2211 rustam
211 2174 471 2214 introdustum
507 2174 572 2214 est.
604 2174 764 2214 Lucium
791 2173 912 2213 Caesar
937 2173 1064 2213 secum
1089 2174 1250 2217 habuit:
1271 2188 1338 2215 ce-

48 2228 151 2274 teros
193 2240 438 2277 centuriones
479 2237 607 2288 partiti
638 2236 751 2286 sunt,
781 2236 956 2276 custodes
990 2237 1109 2276 futuri
1139 2237 1335 2290 hospitum

47 2294 195 2345 specie,
217 2307 259 2337 ut
275 2307 383 2338 erant
418 2299 545 2338 edoCti
575 2298 623 2338 ab
649 2298 894 2348 imperatore.

102 2366 238 2407 XXX.
269 2369 450 2408 Perusmis
477 2382 498 2408 e
532 2382 642 2408 muro
674 2368 969 2419 deprecantibus
1009 2368 1256 2416 concessum,
1285 2375 1331 2410 ut:

43 2429 334 2480 egrederentur,
364 2441 497 2483 praeter
526 2432 777 2473 decuriones:
804 2432 1120 2483 venientibusque
1153 2433 1242 2472 data
1267 2446 1329 2473 ve..

42 2490 116 2531 nia.
147 2490 372 2536 decuriones
388 2496 429 2534 in
453 2495 665 2537 custodiam
690 2495 798 2546 dati,
822 2494 939 2547 paulo
962 2494 1069 2547 post,
1093 2504 1135 2535 ut
1155 2494 1326 2539 militum
