1685 3042
247 252 330 300 IN
372 249 545 298 LOC.
588 246 726 295 LIB.
772 246 927 295 CXIX
979 247 1126 295 LIV.
1274 246 1357 295 181

80 369 164 399 tum
189 362 224 401 ἃ
250 359 322 400 alia
342 359 516 410 quaedam
547 355 702 396 Antonii
726 354 857 393 studiis
883 353 1112 402 consecut03
1138 357 1172 395 Sc
1196 355 1233 394 in
1260 368 1368 394 exer.

78 424 182 469 eitu,
210 414 249 461 in
279 412 359 473 quo
384 420 528 460 multos
554 417 698 457 sciebat
721 416 796 456 suis
823 415 995 466 partibus
1020 417 1206 456 addit‘kos.
1234 418 1366 457 Custo-

83 485 186 523 diam
224 483 373 534 Alpium
397 481 570 532 Lepidus
599 477 775 519 Culleoni
806 476 1064 516 mandaverat.
1108 478 1136 516 is
1166 479 1364 517 tramitum

76 544 246 584 Antonio
274 545 404 592 dedit,
430 550 474 582 ut
498 548 696 592 penetrare
716 540 756 577 in
778 537 1069 579 Narbonensem
1097 538 1259 578 Galliam
1275 540 1368 590 pof-¹

76 603 158 650 set,
185 604 251 643 ubi
281 604 396 643 castra
422 604 471 643 ad
493 603 639 642 flumen
666 603 899 651 Argenteum
927 600 1095 650 Lepidus
1126 599 1305 640 habebat.

133 665 251 710 XLV.
292 664 450 705 Interim
483 667 518 704 ἃ.
542 664 579 704 Ρ.
607 663 807 703 Ventidius
833 674 922 701 cum
946 661 1068 700 tribus
1095 660 1168 700 suis
1196 659 1359 711 legioni-

74 727 145 766 bus
166 728 215 767 ad
239 728 448 767 Antonium
474 726 590 766 venit.
621 725 759 776 quibus
786 716 977 775 receptis,
995 723 1098 763 haud
1123 723 1257 774 procul
1290 725 1362 763 Le-

11 833 15 838 ,
75 789 156 840 pidi
184 790 311 829 castris
336 789 453 828 castra
479 789 600 839 polita
625 788 733 836 sunt,
766 786 875 827 nullo
906 785 1052 826 munita
1081 784 1204 833 vasso,
1230 793 1273 824 ut
1296 797 1361 823 ve-

76 852 168 892 nisse
189 853 238 892 ad
263 854 409 893 amicos
437 853 637 892 videretur.
672 851 816 901 Magna
840 849 904 888 hic
929 851 965 888 δε
986 847 1167 898 pudenda
1191 859 1272 885 tum
1300 848 1356 886 in-

73 915 306 962 constantia,
338 924 421 954 tum
438 915 630 954 temeritas
658 914 793 965 Lepidi
811 912 896 952 fuit.
935 912 1052 952 Hunc
1077 918 1186 949 antea
1207 909 1358 949 senatus

74 976 124 1014 ad
145 977 442 1026 opprimendum
476 976 684 1016 Antonium
709 975 749 1014 in
778 974 930 1015 Italiam
955 974 1171 1020 acciverat3
1195 973 1359 1011 eodem·

70 1048 145 1086 que
167 1044 343 1087 tempore
359 1036 402 1077 L.
417 1036 615 1077 Plancum.
639 1050 732 1076 mox
754 1037 841 1087 quia
865 1035 1014 1076 Silanus
1027 1066 1037 1083 ‚
1053 1034 1100 1073 ad
1119 1028 1357 1074 Rhodanum.

69 1098 244 1137 adduffis
258 1100 407 1149 copiis,
425 1100 613 1150 Lepidum
636 1100 853 1151 suspectum
870 1098 1040 1139 Patribus
1063 1097 1225 1143 fecerat,
1250 1095 1359 1135 Plan-

69 1174 160 1199 cum
175 1162 363 1201 Antonius
389 1161 528 1200 diserte
547 1162 755 1215 participem
780 1161 994 1212 confiliorum
1024 1158 1264 1210 appellabat,
1287 1159 1359 1198 mi-

69 1223 198 1262 serunt
221 1223 271 1262 ad
290 1235 356 1262 eos
383 1221 531 1271 literas,
564 1223 701 1261 illorum
724 1237 827 1276 opera
853 1222 1092 1274 rempublicam
1114 1221 1152 1258 in
1176 1220 1361 1273 prasentia

71 1301 142 1324 non
174 1287 336 1338 indigere.

125 1346 262 1388 XLVI.
282 1348 333 1388 Ut
358 1355 488 1387 tamen
511 1347 625 1387 averfi
650 1347 769 1387 animi
788 1346 937 1386 nullum
961 1344 1149 1384 indicium
1175 1344 1365 1391 ederent,'

69 1422 146 1459 quo
173 1409 222 1449 ad
247 1409 479 1451 maleficium
508 1410 562 1449 illi
587 1409 912 1460 perpellerentur,
939 1408 1133 1459 negotium
1162 1406 1362 1457 ini-posue·-

69 1478 161 1510 runt
185 1471 306 1523 oppidi
334 1473 523 1520 condendi,
547 1486 614 1525 quo
633 1473 899 1518 deducerentur,
923 1470 981 1523 qui
1010 1470 1094 1508 olim
1123 1469 1259 1507 Vienna
1278 1468 1360 1517 pul-

60 1534 100 1585 fi
122 1533 167 1572 ab
184 1532 440 1587 Allobrogibus
465 1534 598 1587 (unde
619 1533 774 1572 initium
799 1532 1080 1571 discordiarum
1099 1530 1288 1568 Viennam
1317 1531 1357 1568 δε

70 1595 303 1646 Lugdunum
344 1595 602 1634 incolentibus
643 1593 815 1647 exstitit)
852 1596 904 1632 ad
940 1595 1150 1644 ccnfluentes
1184 1591 1355 1630 Rhodani

24 1654 26 1656 V
69 1659 263 1711 Ararisque
285 1658 323 1695 in
347 1659 479 1710 campis
506 1657 712 1710 Segufianis
733 1655 969 1707 corfiderant.
1003 1655 1098 1694 Haec
1125 1653 1233 1703 origo
1258 1653 1363 1704 Lug-

67 1720 272 1767 duni-fuit,
300 1719 541 1758 nobiliffimae
559 1718 747 1766 civitatis3
773 1730 934 1765 nomen,
959 1725 1002 1756 ut
1025 1718 1160 1764 ajunt,
1187 1728 1207 1753 a
1224 1715 1371 1765 Corvo¹>

67 1782 215 1835 (Iugum
239 1780 433 1820 vocabant
455 1780 579 1834 Galli)
602 1780 777 1830 adeptae,
807 1781 843 1819 δι
864 1779 934 1818 {itu
957 1778 1034 1817 loci
1060 1777 1177 1816 edito.
1208 1777 1354 1827 quippe

63 1845 200 1882 dunum
216 1844 251 1882 ἅ
279 1842 395 1890 olim,
414 1844 450 1882 &
477 1855 581 1881 nunc
608 1854 783 1892 quoque,
801 1839 942 1881 collem
968 1839 1178 1890 fignificare
1198 1836 1354 1888 quibus-

68 1906 157 1945 dam
173 1935 184 1953 ,
209 1913 359 1945 certum
383 1905 462 1953 est,
491 1907 527 1945 ὃς
555 1904 646 1943 colli
670 1904 903 1954 Lugdunum
932 1901 1202 1941 inaedificatam
1234 1899 1356 1939 fuiffe-

67 1967 226 2007 constat.
259 1968 387 2007 Tanta
404 1977 536 2006 autem
560 1967 635 2005 loci
661 1967 735 2005 fuit
754 1966 1044 2017 opportunitas,
1071 1973 1112 2003 ut
1135 1965 1234 2003 intra
1258 1974 1350 2001 cen-

65 2032 242 2070 tesimum
267 2044 412 2070 annum
437 2031 480 2069 in
503 2031 912 2080 maximam-perducta
938 2022 1220 2079 frequentiam,
1246 2027 1354 2065 dein-

70 2094 120 2134 de
148 2095 262 2132 unius
293 2094 414 2133 noetis
442 2093 623 2132 incendio
655 2093 855 2132 consumta
874 2122 884 2140 ,
920 2105 1013 2131 mox
1045 2089 1282 2137 refloruerit,
1322 2090 1364 2128 δε

65 2152 186 2194 hodie
207 2168 359 2205 quoque
386 2154 484 2193 inter
513 2154 730 2194 clariffimas
753 2154 952 2195 Gallorum
977 2153 1088 2193 urbes
1112 2159 1355 2192 numeretur,

123 2218 283 2259 XLVII.
316 2217 371 2259 Ab
397 2219 535 2257 eodem
562 2218 703 2258 Planco
726 2219 763 2257 δε
789 2217 862 2258 alia
893 2227 978 2257 tum
1002 2218 1169 2257 deducta
1201 2215 1363 2254 coloni&

69 2279 123 2318 est
145 2279 328 2321 Rauraca.
368 2282 612 2331 Quamquam
649 2280 753 2318 enim
788 2281 919 2319 venire
944 2282 982 2318 in
1013 2278 1187 2326 Italiam,
1220 2276 1362 2327 prohi-

63 2340 182 2381 bente
207 2343 390 2392 nemine,
418 2342 651 2394 potuiffent,
681 2341 878 2382 malebant
908 2337 1069 2394 paruiil'e
1104 2341 1255 2380 senatui
1289 2339 1359 2378 vi·-

131 2476 151 2510 S
174 2475 294 2508 XLIV.
328 2476 400 2509 Cic.
428 2476 585 2510 familiar.
612 2488 672 2517 m,
695 2488 728 2509 u
756 2476 790 2509 &
814 2487 848 2509 η
866 2502 876 2518 ,
906 2486 957 2509 ¹2.
980 2475 1062 2508 Dio.
1093 2475 1182 2507 Plut.
1213 2473 1248 2505 in
1271 2470 1359 2505 Caes'„

74 2516 200 2567 Plin.§
221 2520 326 2552 XLV.
348 2522 491 2565 Appian.
510 2520 599 2553 Dio.
623 2522 695 2555 Cic¹
714 2522 801 2556 Ph'ff.
829 2533 885 2565 13,
907 2531 939 2564 9-
963 2521 984 2565 ᾗ
1009 2520 1134 2554 XLVI.
1155 2518 1266 2553 Tacit„
1277 2516 1357 2551 hist-

73 2572 110 2602 ι,
136 2565 192 2607 65.
210 2564 292 2601 Dio,
316 2565 400 2600 Plin.
429 2578 478 2609 4,
504 2567 552 2599 ιδ..
576 2566 668 2602 Piae.

309 2611 313 2615 ⁴
1050 2620 1098 2665 M
1140 2636 1161 2682 3
